%YAML 1.1
%TAG !u! tag:unity3d.com,2011:
--- !u!1 &1302553263307751738
GameObject:
  m_ObjectHideFlags: 0
  m_CorrespondingSourceObject: {fileID: 0}
  m_PrefabInstance: {fileID: 0}
  m_PrefabAsset: {fileID: 0}
  serializedVersion: 6
  m_Component:
  - component: {fileID: 4538650340572457887}
  m_Layer: 0
  m_Name: GroupScale
  m_TagString: Untagged
  m_Icon: {fileID: 0}
  m_NavMeshLayer: 0
  m_StaticEditorFlags: 0
  m_IsActive: 0
--- !u!4 &4538650340572457887
Transform:
  m_ObjectHideFlags: 0
  m_CorrespondingSourceObject: {fileID: 0}
  m_PrefabInstance: {fileID: 0}
  m_PrefabAsset: {fileID: 0}
  m_GameObject: {fileID: 1302553263307751738}
  m_LocalRotation: {x: 0, y: 0, z: 0, w: 1}
  m_LocalPosition: {x: 0, y: 0, z: 0}
  m_LocalScale: {x: 1, y: 25, z: 1}
  m_Children:
  - {fileID: 5984484466249240019}
  m_Father: {fileID: 1972382819168655487}
  m_RootOrder: 1
  m_LocalEulerAnglesHint: {x: 0, y: 0, z: 0}
--- !u!1 &1972382819168655486
GameObject:
  m_ObjectHideFlags: 0
  m_CorrespondingSourceObject: {fileID: 0}
  m_PrefabInstance: {fileID: 0}
  m_PrefabAsset: {fileID: 0}
  serializedVersion: 6
  m_Component:
  - component: {fileID: 1972382819168655487}
  - component: {fileID: -8116476654874850575}
  - component: {fileID: -2079177204484946102}
  m_Layer: 0
  m_Name: ObstacleGroup4
  m_TagString: ObstacleGroup
  m_Icon: {fileID: 2974397684917235467, guid: 0000000000000000d000000000000000, type: 0}
  m_NavMeshLayer: 0
  m_StaticEditorFlags: 0
  m_IsActive: 1
--- !u!4 &1972382819168655487
Transform:
  m_ObjectHideFlags: 0
  m_CorrespondingSourceObject: {fileID: 0}
  m_PrefabInstance: {fileID: 0}
  m_PrefabAsset: {fileID: 0}
  m_GameObject: {fileID: 1972382819168655486}
  m_LocalRotation: {x: 0, y: 0, z: 0, w: 1}
  m_LocalPosition: {x: 0, y: 0, z: 0}
  m_LocalScale: {x: 1, y: 1, z: 1}
  m_Children:
  - {fileID: 7655192695365885032}
  - {fileID: 4538650340572457887}
  - {fileID: 1846466899612873175}
  - {fileID: 8506767830481228748}
  - {fileID: 5306053516071551059}
  - {fileID: 8237472491435422258}
  - {fileID: 3883719757878638572}
  - {fileID: 4099438820377500133}
  - {fileID: 1778728893022730895}
  - {fileID: 1989007184636205858}
  - {fileID: 4425378980664503457}
  - {fileID: 2225929207290737045}
  - {fileID: 1315055220016008073}
  - {fileID: 6232357855447868529}
  - {fileID: 6114957200323102594}
  - {fileID: 6114957200887383735}
  - {fileID: 6114957200290063933}
  - {fileID: 6114957199948678695}
  - {fileID: 6114957199213596101}
  - {fileID: 6114957199798401679}
  - {fileID: 6114957199821763790}
  - {fileID: 6114957199574314471}
  - {fileID: 6114957200006379801}
  - {fileID: 6114957199190739452}
  m_Father: {fileID: 0}
  m_RootOrder: 0
  m_LocalEulerAnglesHint: {x: 0, y: 0, z: 0}
--- !u!61 &-8116476654874850575
BoxCollider2D:
  m_ObjectHideFlags: 0
  m_CorrespondingSourceObject: {fileID: 0}
  m_PrefabInstance: {fileID: 0}
  m_PrefabAsset: {fileID: 0}
  m_GameObject: {fileID: 1972382819168655486}
  m_Enabled: 1
  m_Density: 1
  m_Material: {fileID: 0}
  m_IsTrigger: 1
  m_UsedByEffector: 0
  m_UsedByComposite: 0
  m_Offset: {x: 0, y: 25}
  m_SpriteTilingProperty:
    border: {x: 0, y: 0, z: 0, w: 0}
    pivot: {x: 0, y: 0}
    oldSize: {x: 0, y: 0}
    newSize: {x: 0, y: 0}
    adaptiveTilingThreshold: 0
    drawMode: 0
    adaptiveTiling: 0
  m_AutoTiling: 0
  serializedVersion: 2
  m_Size: {x: 10, y: 1}
  m_EdgeRadius: 0
--- !u!114 &-2079177204484946102
MonoBehaviour:
  m_ObjectHideFlags: 0
  m_CorrespondingSourceObject: {fileID: 0}
  m_PrefabInstance: {fileID: 0}
  m_PrefabAsset: {fileID: 0}
  m_GameObject: {fileID: 1972382819168655486}
  m_Enabled: 1
  m_EditorHideFlags: 0
  m_Script: {fileID: 11500000, guid: 2e61a56e5f4b17f4985495ecc35e1676, type: 3}
  m_Name: 
  m_EditorClassIdentifier: 
  speed: 2.5
  levelObjects:
  - {fileID: 5774113684631186192}
  - {fileID: 8038144714669324431}
  - {fileID: 6088506187801381614}
  - {fileID: 7760948480824208109}
  - {fileID: 7401088675044115684}
  - {fileID: 5115670871917209486}
  - {fileID: 6283040475899682510}
  - {fileID: 4425378980664503458}
  - {fileID: 2225929207290737046}
  - {fileID: 1315055220016008074}
  - {fileID: 7741047326464716579}
  - {fileID: 7623680310584446160}
  - {fileID: 7623680310087208421}
  - {fileID: 7623680310567169391}
  - {fileID: 7623680310220672373}
  - {fileID: 7623680311760995991}
  - {fileID: 7623680311142658525}
  - {fileID: 7623680310230171548}
  - {fileID: 7623680311047972533}
  - {fileID: 7623680310414651979}
  - {fileID: 7623680311733519022}
  groupOrigin: {fileID: 7655192695365885032}
  groupBoundary: {fileID: 1846466899612873175}
--- !u!1 &2414764827836404646
GameObject:
  m_ObjectHideFlags: 0
  m_CorrespondingSourceObject: {fileID: 0}
  m_PrefabInstance: {fileID: 0}
  m_PrefabAsset: {fileID: 0}
  serializedVersion: 6
  m_Component:
  - component: {fileID: 1846466899612873175}
  m_Layer: 0
  m_Name: GroupBoundary
  m_TagString: Untagged
  m_Icon: {fileID: -964228994112308473, guid: 0000000000000000d000000000000000, type: 0}
  m_NavMeshLayer: 0
  m_StaticEditorFlags: 0
  m_IsActive: 1
--- !u!4 &1846466899612873175
Transform:
  m_ObjectHideFlags: 0
  m_CorrespondingSourceObject: {fileID: 0}
  m_PrefabInstance: {fileID: 0}
  m_PrefabAsset: {fileID: 0}
  m_GameObject: {fileID: 2414764827836404646}
  m_LocalRotation: {x: 0, y: 0, z: 0, w: 1}
  m_LocalPosition: {x: 0, y: 25, z: 0}
  m_LocalScale: {x: 1, y: 1, z: 1}
  m_Children: []
  m_Father: {fileID: 1972382819168655487}
  m_RootOrder: 2
  m_LocalEulerAnglesHint: {x: 0, y: 0, z: 0}
--- !u!1 &4209070102803922457
GameObject:
  m_ObjectHideFlags: 0
  m_CorrespondingSourceObject: {fileID: 0}
  m_PrefabInstance: {fileID: 0}
  m_PrefabAsset: {fileID: 0}
  serializedVersion: 6
  m_Component:
  - component: {fileID: 7655192695365885032}
  m_Layer: 0
  m_Name: GroupOrigin
  m_TagString: Untagged
  m_Icon: {fileID: -964228994112308473, guid: 0000000000000000d000000000000000, type: 0}
  m_NavMeshLayer: 0
  m_StaticEditorFlags: 0
  m_IsActive: 1
--- !u!4 &7655192695365885032
Transform:
  m_ObjectHideFlags: 0
  m_CorrespondingSourceObject: {fileID: 0}
  m_PrefabInstance: {fileID: 0}
  m_PrefabAsset: {fileID: 0}
  m_GameObject: {fileID: 4209070102803922457}
  m_LocalRotation: {x: 0, y: 0, z: 0, w: 1}
  m_LocalPosition: {x: 0, y: 0, z: 0}
  m_LocalScale: {x: 1, y: 1, z: 1}
  m_Children: []
  m_Father: {fileID: 1972382819168655487}
  m_RootOrder: 0
  m_LocalEulerAnglesHint: {x: 0, y: 0, z: 0}
--- !u!1 &4998105987889710871
GameObject:
  m_ObjectHideFlags: 0
  m_CorrespondingSourceObject: {fileID: 0}
  m_PrefabInstance: {fileID: 0}
  m_PrefabAsset: {fileID: 0}
  serializedVersion: 6
  m_Component:
  - component: {fileID: 5984484466249240019}
  - component: {fileID: 1578905758317500478}
  m_Layer: 0
  m_Name: Square
  m_TagString: Untagged
  m_Icon: {fileID: 0}
  m_NavMeshLayer: 0
  m_StaticEditorFlags: 0
  m_IsActive: 1
--- !u!4 &5984484466249240019
Transform:
  m_ObjectHideFlags: 0
  m_CorrespondingSourceObject: {fileID: 0}
  m_PrefabInstance: {fileID: 0}
  m_PrefabAsset: {fileID: 0}
  m_GameObject: {fileID: 4998105987889710871}
  m_LocalRotation: {x: -0, y: -0, z: -0, w: 1}
  m_LocalPosition: {x: 0, y: 0.5, z: 0}
  m_LocalScale: {x: 1, y: 1, z: 1}
  m_Children: []
  m_Father: {fileID: 4538650340572457887}
  m_RootOrder: 0
  m_LocalEulerAnglesHint: {x: 0, y: 0, z: 0}
--- !u!212 &1578905758317500478
SpriteRenderer:
  m_ObjectHideFlags: 0
  m_CorrespondingSourceObject: {fileID: 0}
  m_PrefabInstance: {fileID: 0}
  m_PrefabAsset: {fileID: 0}
  m_GameObject: {fileID: 4998105987889710871}
  m_Enabled: 1
  m_CastShadows: 0
  m_ReceiveShadows: 0
  m_DynamicOccludee: 1
  m_MotionVectors: 1
  m_LightProbeUsage: 1
  m_ReflectionProbeUsage: 1
  m_RayTracingMode: 0
  m_RayTraceProcedural: 0
  m_RenderingLayerMask: 1
  m_RendererPriority: 0
  m_Materials:
  - {fileID: 10754, guid: 0000000000000000f000000000000000, type: 0}
  m_StaticBatchInfo:
    firstSubMesh: 0
    subMeshCount: 0
  m_StaticBatchRoot: {fileID: 0}
  m_ProbeAnchor: {fileID: 0}
  m_LightProbeVolumeOverride: {fileID: 0}
  m_ScaleInLightmap: 1
  m_ReceiveGI: 1
  m_PreserveUVs: 0
  m_IgnoreNormalsForChartDetection: 0
  m_ImportantGI: 0
  m_StitchLightmapSeams: 1
  m_SelectedEditorRenderState: 0
  m_MinimumChartSize: 4
  m_AutoUVMaxDistance: 0.5
  m_AutoUVMaxAngle: 89
  m_LightmapParameters: {fileID: 0}
  m_SortingLayerID: 0
  m_SortingLayer: 0
  m_SortingOrder: 0
  m_Sprite: {fileID: 7482667652216324306, guid: 48e93eef0688c4a259cb0eddcd8661f7,
    type: 3}
  m_Color: {r: 1, g: 1, b: 1, a: 1}
  m_FlipX: 0
  m_FlipY: 0
  m_DrawMode: 0
  m_Size: {x: 1, y: 1}
  m_AdaptiveModeThreshold: 0.5
  m_SpriteTileMode: 0
  m_WasSpriteAssigned: 1
  m_MaskInteraction: 0
  m_SpriteSortPoint: 0
--- !u!1001 &1872994861916542415
PrefabInstance:
  m_ObjectHideFlags: 0
  serializedVersion: 2
  m_Modification:
    m_TransformParent: {fileID: 1972382819168655487}
    m_Modifications:
    - target: {fileID: 5729703069898191294, guid: 2008c4c1416a5f6429bed6d0df43e7c5,
        type: 3}
      propertyPath: m_RootOrder
      value: 13
      objectReference: {fileID: 0}
    - target: {fileID: 5729703069898191294, guid: 2008c4c1416a5f6429bed6d0df43e7c5,
        type: 3}
      propertyPath: m_LocalPosition.x
      value: 2.717702
      objectReference: {fileID: 0}
    - target: {fileID: 5729703069898191294, guid: 2008c4c1416a5f6429bed6d0df43e7c5,
        type: 3}
      propertyPath: m_LocalPosition.y
      value: 24.29
      objectReference: {fileID: 0}
    - target: {fileID: 5729703069898191294, guid: 2008c4c1416a5f6429bed6d0df43e7c5,
        type: 3}
      propertyPath: m_LocalPosition.z
      value: 0
      objectReference: {fileID: 0}
    - target: {fileID: 5729703069898191294, guid: 2008c4c1416a5f6429bed6d0df43e7c5,
        type: 3}
      propertyPath: m_LocalRotation.w
      value: 1
      objectReference: {fileID: 0}
    - target: {fileID: 5729703069898191294, guid: 2008c4c1416a5f6429bed6d0df43e7c5,
        type: 3}
      propertyPath: m_LocalRotation.x
      value: -0
      objectReference: {fileID: 0}
    - target: {fileID: 5729703069898191294, guid: 2008c4c1416a5f6429bed6d0df43e7c5,
        type: 3}
      propertyPath: m_LocalRotation.y
      value: -0
      objectReference: {fileID: 0}
    - target: {fileID: 5729703069898191294, guid: 2008c4c1416a5f6429bed6d0df43e7c5,
        type: 3}
      propertyPath: m_LocalRotation.z
      value: -0
      objectReference: {fileID: 0}
    - target: {fileID: 5729703069898191294, guid: 2008c4c1416a5f6429bed6d0df43e7c5,
        type: 3}
      propertyPath: m_LocalEulerAnglesHint.x
      value: 0
      objectReference: {fileID: 0}
    - target: {fileID: 5729703069898191294, guid: 2008c4c1416a5f6429bed6d0df43e7c5,
        type: 3}
      propertyPath: m_LocalEulerAnglesHint.y
      value: 0
      objectReference: {fileID: 0}
    - target: {fileID: 5729703069898191294, guid: 2008c4c1416a5f6429bed6d0df43e7c5,
        type: 3}
      propertyPath: m_LocalEulerAnglesHint.z
      value: 0
      objectReference: {fileID: 0}
    - target: {fileID: 8256100187898936044, guid: 2008c4c1416a5f6429bed6d0df43e7c5,
        type: 3}
      propertyPath: m_Name
      value: Chest (16)
      objectReference: {fileID: 0}
    m_RemovedComponents:
    - {fileID: -9203521396136529783, guid: 2008c4c1416a5f6429bed6d0df43e7c5, type: 3}
  m_SourcePrefab: {fileID: 100100000, guid: 2008c4c1416a5f6429bed6d0df43e7c5, type: 3}
--- !u!4 &6232357855447868529 stripped
Transform:
  m_CorrespondingSourceObject: {fileID: 5729703069898191294, guid: 2008c4c1416a5f6429bed6d0df43e7c5,
    type: 3}
  m_PrefabInstance: {fileID: 1872994861916542415}
  m_PrefabAsset: {fileID: 0}
--- !u!1 &7741047326464716579 stripped
GameObject:
  m_CorrespondingSourceObject: {fileID: 8256100187898936044, guid: 2008c4c1416a5f6429bed6d0df43e7c5,
    type: 3}
  m_PrefabInstance: {fileID: 1872994861916542415}
  m_PrefabAsset: {fileID: 0}
--- !u!1001 &1972382817853786778
PrefabInstance:
  m_ObjectHideFlags: 0
  serializedVersion: 2
  m_Modification:
    m_TransformParent: {fileID: 1972382819168655487}
    m_Modifications:
    - target: {fileID: 283761102156050453, guid: e8471841633ac464586b77ed39cc5a7c,
        type: 3}
      propertyPath: m_RootOrder
      value: 8
      objectReference: {fileID: 0}
    - target: {fileID: 283761102156050453, guid: e8471841633ac464586b77ed39cc5a7c,
        type: 3}
      propertyPath: m_LocalPosition.x
      value: 3.6477022
      objectReference: {fileID: 0}
    - target: {fileID: 283761102156050453, guid: e8471841633ac464586b77ed39cc5a7c,
        type: 3}
      propertyPath: m_LocalPosition.y
      value: 17.54
      objectReference: {fileID: 0}
    - target: {fileID: 283761102156050453, guid: e8471841633ac464586b77ed39cc5a7c,
        type: 3}
      propertyPath: m_LocalPosition.z
      value: 0
      objectReference: {fileID: 0}
    - target: {fileID: 283761102156050453, guid: e8471841633ac464586b77ed39cc5a7c,
        type: 3}
      propertyPath: m_LocalRotation.w
      value: 1
      objectReference: {fileID: 0}
    - target: {fileID: 283761102156050453, guid: e8471841633ac464586b77ed39cc5a7c,
        type: 3}
      propertyPath: m_LocalRotation.x
      value: -0
      objectReference: {fileID: 0}
    - target: {fileID: 283761102156050453, guid: e8471841633ac464586b77ed39cc5a7c,
        type: 3}
      propertyPath: m_LocalRotation.y
      value: -0
      objectReference: {fileID: 0}
    - target: {fileID: 283761102156050453, guid: e8471841633ac464586b77ed39cc5a7c,
        type: 3}
      propertyPath: m_LocalRotation.z
      value: -0
      objectReference: {fileID: 0}
    - target: {fileID: 283761102156050453, guid: e8471841633ac464586b77ed39cc5a7c,
        type: 3}
      propertyPath: m_LocalEulerAnglesHint.x
      value: 0
      objectReference: {fileID: 0}
    - target: {fileID: 283761102156050453, guid: e8471841633ac464586b77ed39cc5a7c,
        type: 3}
      propertyPath: m_LocalEulerAnglesHint.y
      value: 0
      objectReference: {fileID: 0}
    - target: {fileID: 283761102156050453, guid: e8471841633ac464586b77ed39cc5a7c,
        type: 3}
      propertyPath: m_LocalEulerAnglesHint.z
      value: 0
      objectReference: {fileID: 0}
    - target: {fileID: 6746898244098485524, guid: e8471841633ac464586b77ed39cc5a7c,
        type: 3}
      propertyPath: m_Name
      value: Rock1
      objectReference: {fileID: 0}
    m_RemovedComponents:
    - {fileID: 8597454617540657573, guid: e8471841633ac464586b77ed39cc5a7c, type: 3}
  m_SourcePrefab: {fileID: 100100000, guid: e8471841633ac464586b77ed39cc5a7c, type: 3}
--- !u!1 &5115670871917209486 stripped
GameObject:
  m_CorrespondingSourceObject: {fileID: 6746898244098485524, guid: e8471841633ac464586b77ed39cc5a7c,
    type: 3}
  m_PrefabInstance: {fileID: 1972382817853786778}
  m_PrefabAsset: {fileID: 0}
--- !u!4 &1778728893022730895 stripped
Transform:
  m_CorrespondingSourceObject: {fileID: 283761102156050453, guid: e8471841633ac464586b77ed39cc5a7c,
    type: 3}
  m_PrefabInstance: {fileID: 1972382817853786778}
  m_PrefabAsset: {fileID: 0}
--- !u!1001 &1972382817881365593
PrefabInstance:
  m_ObjectHideFlags: 0
  serializedVersion: 2
  m_Modification:
    m_TransformParent: {fileID: 1972382819168655487}
    m_Modifications:
    - target: {fileID: 5729703069898191294, guid: 2008c4c1416a5f6429bed6d0df43e7c5,
        type: 3}
      propertyPath: m_RootOrder
      value: 21
      objectReference: {fileID: 0}
    - target: {fileID: 5729703069898191294, guid: 2008c4c1416a5f6429bed6d0df43e7c5,
        type: 3}
      propertyPath: m_LocalPosition.x
      value: -2.9422984
      objectReference: {fileID: 0}
    - target: {fileID: 5729703069898191294, guid: 2008c4c1416a5f6429bed6d0df43e7c5,
        type: 3}
      propertyPath: m_LocalPosition.y
      value: 13.630793
      objectReference: {fileID: 0}
    - target: {fileID: 5729703069898191294, guid: 2008c4c1416a5f6429bed6d0df43e7c5,
        type: 3}
      propertyPath: m_LocalPosition.z
      value: 0
      objectReference: {fileID: 0}
    - target: {fileID: 5729703069898191294, guid: 2008c4c1416a5f6429bed6d0df43e7c5,
        type: 3}
      propertyPath: m_LocalRotation.w
      value: 1
      objectReference: {fileID: 0}
    - target: {fileID: 5729703069898191294, guid: 2008c4c1416a5f6429bed6d0df43e7c5,
        type: 3}
      propertyPath: m_LocalRotation.x
      value: -0
      objectReference: {fileID: 0}
    - target: {fileID: 5729703069898191294, guid: 2008c4c1416a5f6429bed6d0df43e7c5,
        type: 3}
      propertyPath: m_LocalRotation.y
      value: -0
      objectReference: {fileID: 0}
    - target: {fileID: 5729703069898191294, guid: 2008c4c1416a5f6429bed6d0df43e7c5,
        type: 3}
      propertyPath: m_LocalRotation.z
      value: -0
      objectReference: {fileID: 0}
    - target: {fileID: 5729703069898191294, guid: 2008c4c1416a5f6429bed6d0df43e7c5,
        type: 3}
      propertyPath: m_LocalEulerAnglesHint.x
      value: 0
      objectReference: {fileID: 0}
    - target: {fileID: 5729703069898191294, guid: 2008c4c1416a5f6429bed6d0df43e7c5,
        type: 3}
      propertyPath: m_LocalEulerAnglesHint.y
      value: 0
      objectReference: {fileID: 0}
    - target: {fileID: 5729703069898191294, guid: 2008c4c1416a5f6429bed6d0df43e7c5,
        type: 3}
      propertyPath: m_LocalEulerAnglesHint.z
      value: 0
      objectReference: {fileID: 0}
    - target: {fileID: 8256100187898936044, guid: 2008c4c1416a5f6429bed6d0df43e7c5,
        type: 3}
      propertyPath: m_Name
      value: Chest (8)
      objectReference: {fileID: 0}
    m_RemovedComponents:
    - {fileID: -9203521396136529783, guid: 2008c4c1416a5f6429bed6d0df43e7c5, type: 3}
  m_SourcePrefab: {fileID: 100100000, guid: 2008c4c1416a5f6429bed6d0df43e7c5, type: 3}
--- !u!4 &6114957199574314471 stripped
Transform:
  m_CorrespondingSourceObject: {fileID: 5729703069898191294, guid: 2008c4c1416a5f6429bed6d0df43e7c5,
    type: 3}
  m_PrefabInstance: {fileID: 1972382817881365593}
  m_PrefabAsset: {fileID: 0}
--- !u!1 &7623680311047972533 stripped
GameObject:
  m_CorrespondingSourceObject: {fileID: 8256100187898936044, guid: 2008c4c1416a5f6429bed6d0df43e7c5,
    type: 3}
  m_PrefabInstance: {fileID: 1972382817881365593}
  m_PrefabAsset: {fileID: 0}
--- !u!1001 &1972382817984465713
PrefabInstance:
  m_ObjectHideFlags: 0
  serializedVersion: 2
  m_Modification:
    m_TransformParent: {fileID: 1972382819168655487}
    m_Modifications:
    - target: {fileID: 5729703069898191294, guid: 2008c4c1416a5f6429bed6d0df43e7c5,
        type: 3}
      propertyPath: m_RootOrder
      value: 19
      objectReference: {fileID: 0}
    - target: {fileID: 5729703069898191294, guid: 2008c4c1416a5f6429bed6d0df43e7c5,
        type: 3}
      propertyPath: m_LocalPosition.x
      value: -2.8798628
      objectReference: {fileID: 0}
    - target: {fileID: 5729703069898191294, guid: 2008c4c1416a5f6429bed6d0df43e7c5,
        type: 3}
      propertyPath: m_LocalPosition.y
      value: 2.8738766
      objectReference: {fileID: 0}
    - target: {fileID: 5729703069898191294, guid: 2008c4c1416a5f6429bed6d0df43e7c5,
        type: 3}
      propertyPath: m_LocalPosition.z
      value: 0
      objectReference: {fileID: 0}
    - target: {fileID: 5729703069898191294, guid: 2008c4c1416a5f6429bed6d0df43e7c5,
        type: 3}
      propertyPath: m_LocalRotation.w
      value: 1
      objectReference: {fileID: 0}
    - target: {fileID: 5729703069898191294, guid: 2008c4c1416a5f6429bed6d0df43e7c5,
        type: 3}
      propertyPath: m_LocalRotation.x
      value: -0
      objectReference: {fileID: 0}
    - target: {fileID: 5729703069898191294, guid: 2008c4c1416a5f6429bed6d0df43e7c5,
        type: 3}
      propertyPath: m_LocalRotation.y
      value: -0
      objectReference: {fileID: 0}
    - target: {fileID: 5729703069898191294, guid: 2008c4c1416a5f6429bed6d0df43e7c5,
        type: 3}
      propertyPath: m_LocalRotation.z
      value: -0
      objectReference: {fileID: 0}
    - target: {fileID: 5729703069898191294, guid: 2008c4c1416a5f6429bed6d0df43e7c5,
        type: 3}
      propertyPath: m_LocalEulerAnglesHint.x
      value: 0
      objectReference: {fileID: 0}
    - target: {fileID: 5729703069898191294, guid: 2008c4c1416a5f6429bed6d0df43e7c5,
        type: 3}
      propertyPath: m_LocalEulerAnglesHint.y
      value: 0
      objectReference: {fileID: 0}
    - target: {fileID: 5729703069898191294, guid: 2008c4c1416a5f6429bed6d0df43e7c5,
        type: 3}
      propertyPath: m_LocalEulerAnglesHint.z
      value: 0
      objectReference: {fileID: 0}
    - target: {fileID: 8256100187898936044, guid: 2008c4c1416a5f6429bed6d0df43e7c5,
        type: 3}
      propertyPath: m_Name
      value: Chest (10)
      objectReference: {fileID: 0}
    m_RemovedComponents:
    - {fileID: -9203521396136529783, guid: 2008c4c1416a5f6429bed6d0df43e7c5, type: 3}
  m_SourcePrefab: {fileID: 100100000, guid: 2008c4c1416a5f6429bed6d0df43e7c5, type: 3}
--- !u!4 &6114957199798401679 stripped
Transform:
  m_CorrespondingSourceObject: {fileID: 5729703069898191294, guid: 2008c4c1416a5f6429bed6d0df43e7c5,
    type: 3}
  m_PrefabInstance: {fileID: 1972382817984465713}
  m_PrefabAsset: {fileID: 0}
--- !u!1 &7623680311142658525 stripped
GameObject:
  m_CorrespondingSourceObject: {fileID: 8256100187898936044, guid: 2008c4c1416a5f6429bed6d0df43e7c5,
    type: 3}
  m_PrefabInstance: {fileID: 1972382817984465713}
  m_PrefabAsset: {fileID: 0}
--- !u!1001 &1972382818026572326
PrefabInstance:
  m_ObjectHideFlags: 0
  serializedVersion: 2
  m_Modification:
    m_TransformParent: {fileID: 1972382819168655487}
    m_Modifications:
    - target: {fileID: 5980125229843122805, guid: f1fac02fa4e95764ea86594cce253eed,
        type: 3}
      propertyPath: m_RootOrder
      value: 4
      objectReference: {fileID: 0}
    - target: {fileID: 5980125229843122805, guid: f1fac02fa4e95764ea86594cce253eed,
        type: 3}
      propertyPath: m_LocalPosition.x
      value: 2.887702
      objectReference: {fileID: 0}
    - target: {fileID: 5980125229843122805, guid: f1fac02fa4e95764ea86594cce253eed,
        type: 3}
      propertyPath: m_LocalPosition.y
      value: 2.4707928
      objectReference: {fileID: 0}
    - target: {fileID: 5980125229843122805, guid: f1fac02fa4e95764ea86594cce253eed,
        type: 3}
      propertyPath: m_LocalPosition.z
      value: 0
      objectReference: {fileID: 0}
    - target: {fileID: 5980125229843122805, guid: f1fac02fa4e95764ea86594cce253eed,
        type: 3}
      propertyPath: m_LocalRotation.w
      value: 0
      objectReference: {fileID: 0}
    - target: {fileID: 5980125229843122805, guid: f1fac02fa4e95764ea86594cce253eed,
        type: 3}
      propertyPath: m_LocalRotation.x
      value: 0
      objectReference: {fileID: 0}
    - target: {fileID: 5980125229843122805, guid: f1fac02fa4e95764ea86594cce253eed,
        type: 3}
      propertyPath: m_LocalRotation.y
      value: 1
      objectReference: {fileID: 0}
    - target: {fileID: 5980125229843122805, guid: f1fac02fa4e95764ea86594cce253eed,
        type: 3}
      propertyPath: m_LocalRotation.z
      value: 0
      objectReference: {fileID: 0}
    - target: {fileID: 5980125229843122805, guid: f1fac02fa4e95764ea86594cce253eed,
        type: 3}
      propertyPath: m_LocalEulerAnglesHint.x
      value: 0
      objectReference: {fileID: 0}
    - target: {fileID: 5980125229843122805, guid: f1fac02fa4e95764ea86594cce253eed,
        type: 3}
      propertyPath: m_LocalEulerAnglesHint.y
      value: 180
      objectReference: {fileID: 0}
    - target: {fileID: 5980125229843122805, guid: f1fac02fa4e95764ea86594cce253eed,
        type: 3}
      propertyPath: m_LocalEulerAnglesHint.z
      value: 0
      objectReference: {fileID: 0}
    - target: {fileID: 8417920115609350825, guid: f1fac02fa4e95764ea86594cce253eed,
        type: 3}
      propertyPath: m_Name
      value: Island2
      objectReference: {fileID: 0}
    m_RemovedComponents:
    - {fileID: -1559516812737989145, guid: f1fac02fa4e95764ea86594cce253eed, type: 3}
  m_SourcePrefab: {fileID: 100100000, guid: f1fac02fa4e95764ea86594cce253eed, type: 3}
--- !u!1 &8038144714669324431 stripped
GameObject:
  m_CorrespondingSourceObject: {fileID: 8417920115609350825, guid: f1fac02fa4e95764ea86594cce253eed,
    type: 3}
  m_PrefabInstance: {fileID: 1972382818026572326}
  m_PrefabAsset: {fileID: 0}
--- !u!4 &5306053516071551059 stripped
Transform:
  m_CorrespondingSourceObject: {fileID: 5980125229843122805, guid: f1fac02fa4e95764ea86594cce253eed,
    type: 3}
  m_PrefabInstance: {fileID: 1972382818026572326}
  m_PrefabAsset: {fileID: 0}
--- !u!1001 &1972382818429521072
PrefabInstance:
  m_ObjectHideFlags: 0
  serializedVersion: 2
  m_Modification:
    m_TransformParent: {fileID: 1972382819168655487}
    m_Modifications:
    - target: {fileID: 5439937633360455584, guid: 446a0f19c9ce2a147a5903ee45d02a80,
        type: 3}
      propertyPath: m_Name
      value: Island3
      objectReference: {fileID: 0}
    - target: {fileID: 7877169566237761404, guid: 446a0f19c9ce2a147a5903ee45d02a80,
        type: 3}
      propertyPath: m_RootOrder
      value: 3
      objectReference: {fileID: 0}
    - target: {fileID: 7877169566237761404, guid: 446a0f19c9ce2a147a5903ee45d02a80,
        type: 3}
      propertyPath: m_LocalPosition.x
      value: -2.902298
      objectReference: {fileID: 0}
    - target: {fileID: 7877169566237761404, guid: 446a0f19c9ce2a147a5903ee45d02a80,
        type: 3}
      propertyPath: m_LocalPosition.y
      value: 5.900793
      objectReference: {fileID: 0}
    - target: {fileID: 7877169566237761404, guid: 446a0f19c9ce2a147a5903ee45d02a80,
        type: 3}
      propertyPath: m_LocalPosition.z
      value: 0
      objectReference: {fileID: 0}
    - target: {fileID: 7877169566237761404, guid: 446a0f19c9ce2a147a5903ee45d02a80,
        type: 3}
      propertyPath: m_LocalRotation.w
      value: 1
      objectReference: {fileID: 0}
    - target: {fileID: 7877169566237761404, guid: 446a0f19c9ce2a147a5903ee45d02a80,
        type: 3}
      propertyPath: m_LocalRotation.x
      value: 0
      objectReference: {fileID: 0}
    - target: {fileID: 7877169566237761404, guid: 446a0f19c9ce2a147a5903ee45d02a80,
        type: 3}
      propertyPath: m_LocalRotation.y
      value: 0
      objectReference: {fileID: 0}
    - target: {fileID: 7877169566237761404, guid: 446a0f19c9ce2a147a5903ee45d02a80,
        type: 3}
      propertyPath: m_LocalRotation.z
      value: 0
      objectReference: {fileID: 0}
    - target: {fileID: 7877169566237761404, guid: 446a0f19c9ce2a147a5903ee45d02a80,
        type: 3}
      propertyPath: m_LocalEulerAnglesHint.x
      value: 0
      objectReference: {fileID: 0}
    - target: {fileID: 7877169566237761404, guid: 446a0f19c9ce2a147a5903ee45d02a80,
        type: 3}
      propertyPath: m_LocalEulerAnglesHint.y
      value: 0
      objectReference: {fileID: 0}
    - target: {fileID: 7877169566237761404, guid: 446a0f19c9ce2a147a5903ee45d02a80,
        type: 3}
      propertyPath: m_LocalEulerAnglesHint.z
      value: 0
      objectReference: {fileID: 0}
    m_RemovedComponents:
    - {fileID: -9132123603420047621, guid: 446a0f19c9ce2a147a5903ee45d02a80, type: 3}
  m_SourcePrefab: {fileID: 100100000, guid: 446a0f19c9ce2a147a5903ee45d02a80, type: 3}
--- !u!4 &8506767830481228748 stripped
Transform:
  m_CorrespondingSourceObject: {fileID: 7877169566237761404, guid: 446a0f19c9ce2a147a5903ee45d02a80,
    type: 3}
  m_PrefabInstance: {fileID: 1972382818429521072}
  m_PrefabAsset: {fileID: 0}
--- !u!1 &5774113684631186192 stripped
GameObject:
  m_CorrespondingSourceObject: {fileID: 5439937633360455584, guid: 446a0f19c9ce2a147a5903ee45d02a80,
    type: 3}
  m_PrefabInstance: {fileID: 1972382818429521072}
  m_PrefabAsset: {fileID: 0}
--- !u!1001 &1972382818577628283
PrefabInstance:
  m_ObjectHideFlags: 0
  serializedVersion: 2
  m_Modification:
    m_TransformParent: {fileID: 1972382819168655487}
    m_Modifications:
    - target: {fileID: 5729703069898191294, guid: 2008c4c1416a5f6429bed6d0df43e7c5,
        type: 3}
      propertyPath: m_RootOrder
      value: 18
      objectReference: {fileID: 0}
    - target: {fileID: 5729703069898191294, guid: 2008c4c1416a5f6429bed6d0df43e7c5,
        type: 3}
      propertyPath: m_LocalPosition.x
      value: -0.67164445
      objectReference: {fileID: 0}
    - target: {fileID: 5729703069898191294, guid: 2008c4c1416a5f6429bed6d0df43e7c5,
        type: 3}
      propertyPath: m_LocalPosition.y
      value: 4.2985325
      objectReference: {fileID: 0}
    - target: {fileID: 5729703069898191294, guid: 2008c4c1416a5f6429bed6d0df43e7c5,
        type: 3}
      propertyPath: m_LocalPosition.z
      value: 0
      objectReference: {fileID: 0}
    - target: {fileID: 5729703069898191294, guid: 2008c4c1416a5f6429bed6d0df43e7c5,
        type: 3}
      propertyPath: m_LocalRotation.w
      value: 1
      objectReference: {fileID: 0}
    - target: {fileID: 5729703069898191294, guid: 2008c4c1416a5f6429bed6d0df43e7c5,
        type: 3}
      propertyPath: m_LocalRotation.x
      value: -0
      objectReference: {fileID: 0}
    - target: {fileID: 5729703069898191294, guid: 2008c4c1416a5f6429bed6d0df43e7c5,
        type: 3}
      propertyPath: m_LocalRotation.y
      value: -0
      objectReference: {fileID: 0}
    - target: {fileID: 5729703069898191294, guid: 2008c4c1416a5f6429bed6d0df43e7c5,
        type: 3}
      propertyPath: m_LocalRotation.z
      value: -0
      objectReference: {fileID: 0}
    - target: {fileID: 5729703069898191294, guid: 2008c4c1416a5f6429bed6d0df43e7c5,
        type: 3}
      propertyPath: m_LocalEulerAnglesHint.x
      value: 0
      objectReference: {fileID: 0}
    - target: {fileID: 5729703069898191294, guid: 2008c4c1416a5f6429bed6d0df43e7c5,
        type: 3}
      propertyPath: m_LocalEulerAnglesHint.y
      value: 0
      objectReference: {fileID: 0}
    - target: {fileID: 5729703069898191294, guid: 2008c4c1416a5f6429bed6d0df43e7c5,
        type: 3}
      propertyPath: m_LocalEulerAnglesHint.z
      value: 0
      objectReference: {fileID: 0}
    - target: {fileID: 8256100187898936044, guid: 2008c4c1416a5f6429bed6d0df43e7c5,
        type: 3}
      propertyPath: m_Name
      value: Chest (11)
      objectReference: {fileID: 0}
    m_RemovedComponents:
    - {fileID: -9203521396136529783, guid: 2008c4c1416a5f6429bed6d0df43e7c5, type: 3}
  m_SourcePrefab: {fileID: 100100000, guid: 2008c4c1416a5f6429bed6d0df43e7c5, type: 3}
--- !u!4 &6114957199213596101 stripped
Transform:
  m_CorrespondingSourceObject: {fileID: 5729703069898191294, guid: 2008c4c1416a5f6429bed6d0df43e7c5,
    type: 3}
  m_PrefabInstance: {fileID: 1972382818577628283}
  m_PrefabAsset: {fileID: 0}
--- !u!1 &7623680311760995991 stripped
GameObject:
  m_CorrespondingSourceObject: {fileID: 8256100187898936044, guid: 2008c4c1416a5f6429bed6d0df43e7c5,
    type: 3}
  m_PrefabInstance: {fileID: 1972382818577628283}
  m_PrefabAsset: {fileID: 0}
--- !u!1001 &1972382818600515650
PrefabInstance:
  m_ObjectHideFlags: 0
  serializedVersion: 2
  m_Modification:
    m_TransformParent: {fileID: 1972382819168655487}
    m_Modifications:
    - target: {fileID: 5729703069898191294, guid: 2008c4c1416a5f6429bed6d0df43e7c5,
        type: 3}
      propertyPath: m_RootOrder
      value: 23
      objectReference: {fileID: 0}
    - target: {fileID: 5729703069898191294, guid: 2008c4c1416a5f6429bed6d0df43e7c5,
        type: 3}
      propertyPath: m_LocalPosition.x
      value: 3.2367582
      objectReference: {fileID: 0}
    - target: {fileID: 5729703069898191294, guid: 2008c4c1416a5f6429bed6d0df43e7c5,
        type: 3}
      propertyPath: m_LocalPosition.y
      value: 20.436186
      objectReference: {fileID: 0}
    - target: {fileID: 5729703069898191294, guid: 2008c4c1416a5f6429bed6d0df43e7c5,
        type: 3}
      propertyPath: m_LocalPosition.z
      value: 0
      objectReference: {fileID: 0}
    - target: {fileID: 5729703069898191294, guid: 2008c4c1416a5f6429bed6d0df43e7c5,
        type: 3}
      propertyPath: m_LocalRotation.w
      value: 1
      objectReference: {fileID: 0}
    - target: {fileID: 5729703069898191294, guid: 2008c4c1416a5f6429bed6d0df43e7c5,
        type: 3}
      propertyPath: m_LocalRotation.x
      value: -0
      objectReference: {fileID: 0}
    - target: {fileID: 5729703069898191294, guid: 2008c4c1416a5f6429bed6d0df43e7c5,
        type: 3}
      propertyPath: m_LocalRotation.y
      value: -0
      objectReference: {fileID: 0}
    - target: {fileID: 5729703069898191294, guid: 2008c4c1416a5f6429bed6d0df43e7c5,
        type: 3}
      propertyPath: m_LocalRotation.z
      value: -0
      objectReference: {fileID: 0}
    - target: {fileID: 5729703069898191294, guid: 2008c4c1416a5f6429bed6d0df43e7c5,
        type: 3}
      propertyPath: m_LocalEulerAnglesHint.x
      value: 0
      objectReference: {fileID: 0}
    - target: {fileID: 5729703069898191294, guid: 2008c4c1416a5f6429bed6d0df43e7c5,
        type: 3}
      propertyPath: m_LocalEulerAnglesHint.y
      value: 0
      objectReference: {fileID: 0}
    - target: {fileID: 5729703069898191294, guid: 2008c4c1416a5f6429bed6d0df43e7c5,
        type: 3}
      propertyPath: m_LocalEulerAnglesHint.z
      value: 0
      objectReference: {fileID: 0}
    - target: {fileID: 8256100187898936044, guid: 2008c4c1416a5f6429bed6d0df43e7c5,
        type: 3}
      propertyPath: m_Name
      value: Chest (5)
      objectReference: {fileID: 0}
    m_RemovedComponents:
    - {fileID: -9203521396136529783, guid: 2008c4c1416a5f6429bed6d0df43e7c5, type: 3}
  m_SourcePrefab: {fileID: 100100000, guid: 2008c4c1416a5f6429bed6d0df43e7c5, type: 3}
--- !u!1 &7623680311733519022 stripped
GameObject:
  m_CorrespondingSourceObject: {fileID: 8256100187898936044, guid: 2008c4c1416a5f6429bed6d0df43e7c5,
    type: 3}
  m_PrefabInstance: {fileID: 1972382818600515650}
  m_PrefabAsset: {fileID: 0}
--- !u!4 &6114957199190739452 stripped
Transform:
  m_CorrespondingSourceObject: {fileID: 5729703069898191294, guid: 2008c4c1416a5f6429bed6d0df43e7c5,
    type: 3}
  m_PrefabInstance: {fileID: 1972382818600515650}
  m_PrefabAsset: {fileID: 0}
--- !u!1001 &1972382818762515447
PrefabInstance:
  m_ObjectHideFlags: 0
  serializedVersion: 2
  m_Modification:
    m_TransformParent: {fileID: 1972382819168655487}
    m_Modifications:
    - target: {fileID: 413022107850986081, guid: 724402565928fcc4d905797499ea5581,
        type: 3}
      propertyPath: m_Name
      value: BarrelCollection3
      objectReference: {fileID: 0}
    - target: {fileID: 413022107850986082, guid: 724402565928fcc4d905797499ea5581,
        type: 3}
      propertyPath: m_RootOrder
      value: 11
      objectReference: {fileID: 0}
    - target: {fileID: 413022107850986082, guid: 724402565928fcc4d905797499ea5581,
        type: 3}
      propertyPath: m_LocalPosition.x
      value: 0.5277021
      objectReference: {fileID: 0}
    - target: {fileID: 413022107850986082, guid: 724402565928fcc4d905797499ea5581,
        type: 3}
      propertyPath: m_LocalPosition.y
      value: 15.64
      objectReference: {fileID: 0}
    - target: {fileID: 413022107850986082, guid: 724402565928fcc4d905797499ea5581,
        type: 3}
      propertyPath: m_LocalPosition.z
      value: 0
      objectReference: {fileID: 0}
    - target: {fileID: 413022107850986082, guid: 724402565928fcc4d905797499ea5581,
        type: 3}
      propertyPath: m_LocalRotation.w
      value: 1
      objectReference: {fileID: 0}
    - target: {fileID: 413022107850986082, guid: 724402565928fcc4d905797499ea5581,
        type: 3}
      propertyPath: m_LocalRotation.x
      value: -0
      objectReference: {fileID: 0}
    - target: {fileID: 413022107850986082, guid: 724402565928fcc4d905797499ea5581,
        type: 3}
      propertyPath: m_LocalRotation.y
      value: -0
      objectReference: {fileID: 0}
    - target: {fileID: 413022107850986082, guid: 724402565928fcc4d905797499ea5581,
        type: 3}
      propertyPath: m_LocalRotation.z
      value: -0
      objectReference: {fileID: 0}
    - target: {fileID: 413022107850986082, guid: 724402565928fcc4d905797499ea5581,
        type: 3}
      propertyPath: m_LocalEulerAnglesHint.x
      value: 0
      objectReference: {fileID: 0}
    - target: {fileID: 413022107850986082, guid: 724402565928fcc4d905797499ea5581,
        type: 3}
      propertyPath: m_LocalEulerAnglesHint.y
      value: 0
      objectReference: {fileID: 0}
    - target: {fileID: 413022107850986082, guid: 724402565928fcc4d905797499ea5581,
        type: 3}
      propertyPath: m_LocalEulerAnglesHint.z
      value: 0
      objectReference: {fileID: 0}
    m_RemovedComponents:
    - {fileID: 5713387293867162995, guid: 724402565928fcc4d905797499ea5581, type: 3}
  m_SourcePrefab: {fileID: 100100000, guid: 724402565928fcc4d905797499ea5581, type: 3}
--- !u!1 &2225929207290737046 stripped
GameObject:
  m_CorrespondingSourceObject: {fileID: 413022107850986081, guid: 724402565928fcc4d905797499ea5581,
    type: 3}
  m_PrefabInstance: {fileID: 1972382818762515447}
  m_PrefabAsset: {fileID: 0}
--- !u!4 &2225929207290737045 stripped
Transform:
  m_CorrespondingSourceObject: {fileID: 413022107850986082, guid: 724402565928fcc4d905797499ea5581,
    type: 3}
  m_PrefabInstance: {fileID: 1972382818762515447}
  m_PrefabAsset: {fileID: 0}
--- !u!1001 &1972382818802459420
PrefabInstance:
  m_ObjectHideFlags: 0
  serializedVersion: 2
  m_Modification:
    m_TransformParent: {fileID: 1972382819168655487}
    m_Modifications:
    - target: {fileID: 3367268876051567856, guid: c5e808773c9f82a4e84bb09d44e5f9d6,
        type: 3}
      propertyPath: m_RootOrder
      value: 6
      objectReference: {fileID: 0}
    - target: {fileID: 3367268876051567856, guid: c5e808773c9f82a4e84bb09d44e5f9d6,
        type: 3}
      propertyPath: m_LocalPosition.x
      value: 3.957702
      objectReference: {fileID: 0}
    - target: {fileID: 3367268876051567856, guid: c5e808773c9f82a4e84bb09d44e5f9d6,
        type: 3}
      propertyPath: m_LocalPosition.y
      value: 8.570793
      objectReference: {fileID: 0}
    - target: {fileID: 3367268876051567856, guid: c5e808773c9f82a4e84bb09d44e5f9d6,
        type: 3}
      propertyPath: m_LocalPosition.z
      value: 0
      objectReference: {fileID: 0}
    - target: {fileID: 3367268876051567856, guid: c5e808773c9f82a4e84bb09d44e5f9d6,
        type: 3}
      propertyPath: m_LocalRotation.w
      value: 1
      objectReference: {fileID: 0}
    - target: {fileID: 3367268876051567856, guid: c5e808773c9f82a4e84bb09d44e5f9d6,
        type: 3}
      propertyPath: m_LocalRotation.x
      value: 0
      objectReference: {fileID: 0}
    - target: {fileID: 3367268876051567856, guid: c5e808773c9f82a4e84bb09d44e5f9d6,
        type: 3}
      propertyPath: m_LocalRotation.y
      value: 0
      objectReference: {fileID: 0}
    - target: {fileID: 3367268876051567856, guid: c5e808773c9f82a4e84bb09d44e5f9d6,
        type: 3}
      propertyPath: m_LocalRotation.z
      value: 0
      objectReference: {fileID: 0}
    - target: {fileID: 3367268876051567856, guid: c5e808773c9f82a4e84bb09d44e5f9d6,
        type: 3}
      propertyPath: m_LocalEulerAnglesHint.x
      value: 0
      objectReference: {fileID: 0}
    - target: {fileID: 3367268876051567856, guid: c5e808773c9f82a4e84bb09d44e5f9d6,
        type: 3}
      propertyPath: m_LocalEulerAnglesHint.y
      value: 0
      objectReference: {fileID: 0}
    - target: {fileID: 3367268876051567856, guid: c5e808773c9f82a4e84bb09d44e5f9d6,
        type: 3}
      propertyPath: m_LocalEulerAnglesHint.z
      value: 0
      objectReference: {fileID: 0}
    - target: {fileID: 8136634806230288881, guid: c5e808773c9f82a4e84bb09d44e5f9d6,
        type: 3}
      propertyPath: m_Name
      value: Rock2
      objectReference: {fileID: 0}
    m_RemovedComponents:
    - {fileID: 5158174198543561117, guid: c5e808773c9f82a4e84bb09d44e5f9d6, type: 3}
  m_SourcePrefab: {fileID: 100100000, guid: c5e808773c9f82a4e84bb09d44e5f9d6, type: 3}
--- !u!4 &3883719757878638572 stripped
Transform:
  m_CorrespondingSourceObject: {fileID: 3367268876051567856, guid: c5e808773c9f82a4e84bb09d44e5f9d6,
    type: 3}
  m_PrefabInstance: {fileID: 1972382818802459420}
  m_PrefabAsset: {fileID: 0}
--- !u!1 &7760948480824208109 stripped
GameObject:
  m_CorrespondingSourceObject: {fileID: 8136634806230288881, guid: c5e808773c9f82a4e84bb09d44e5f9d6,
    type: 3}
  m_PrefabInstance: {fileID: 1972382818802459420}
  m_PrefabAsset: {fileID: 0}
--- !u!1001 &1972382818882243615
PrefabInstance:
  m_ObjectHideFlags: 0
  serializedVersion: 2
  m_Modification:
    m_TransformParent: {fileID: 1972382819168655487}
    m_Modifications:
    - target: {fileID: 2753200228150780093, guid: 8ce22607f7684704eabfe662ab609e67,
        type: 3}
      propertyPath: m_Name
      value: EnemyShip
      objectReference: {fileID: 0}
    - target: {fileID: 2753200228150780094, guid: 8ce22607f7684704eabfe662ab609e67,
        type: 3}
      propertyPath: m_RootOrder
      value: 10
      objectReference: {fileID: 0}
    - target: {fileID: 2753200228150780094, guid: 8ce22607f7684704eabfe662ab609e67,
        type: 3}
      propertyPath: m_LocalPosition.x
      value: -1.5122976
      objectReference: {fileID: 0}
    - target: {fileID: 2753200228150780094, guid: 8ce22607f7684704eabfe662ab609e67,
        type: 3}
      propertyPath: m_LocalPosition.y
      value: 19.18
      objectReference: {fileID: 0}
    - target: {fileID: 2753200228150780094, guid: 8ce22607f7684704eabfe662ab609e67,
        type: 3}
      propertyPath: m_LocalPosition.z
      value: 0
      objectReference: {fileID: 0}
    - target: {fileID: 2753200228150780094, guid: 8ce22607f7684704eabfe662ab609e67,
        type: 3}
      propertyPath: m_LocalRotation.w
      value: 1
      objectReference: {fileID: 0}
    - target: {fileID: 2753200228150780094, guid: 8ce22607f7684704eabfe662ab609e67,
        type: 3}
      propertyPath: m_LocalRotation.x
      value: 0
      objectReference: {fileID: 0}
    - target: {fileID: 2753200228150780094, guid: 8ce22607f7684704eabfe662ab609e67,
        type: 3}
      propertyPath: m_LocalRotation.y
      value: 0
      objectReference: {fileID: 0}
    - target: {fileID: 2753200228150780094, guid: 8ce22607f7684704eabfe662ab609e67,
        type: 3}
      propertyPath: m_LocalRotation.z
      value: 0
      objectReference: {fileID: 0}
    - target: {fileID: 2753200228150780094, guid: 8ce22607f7684704eabfe662ab609e67,
        type: 3}
      propertyPath: m_LocalEulerAnglesHint.x
      value: 0
      objectReference: {fileID: 0}
    - target: {fileID: 2753200228150780094, guid: 8ce22607f7684704eabfe662ab609e67,
        type: 3}
      propertyPath: m_LocalEulerAnglesHint.y
      value: 0
      objectReference: {fileID: 0}
    - target: {fileID: 2753200228150780094, guid: 8ce22607f7684704eabfe662ab609e67,
        type: 3}
      propertyPath: m_LocalEulerAnglesHint.z
      value: 0
      objectReference: {fileID: 0}
    m_RemovedComponents:
    - {fileID: 4091859091401632732, guid: 8ce22607f7684704eabfe662ab609e67, type: 3}
  m_SourcePrefab: {fileID: 100100000, guid: 8ce22607f7684704eabfe662ab609e67, type: 3}
--- !u!1 &4425378980664503458 stripped
GameObject:
  m_CorrespondingSourceObject: {fileID: 2753200228150780093, guid: 8ce22607f7684704eabfe662ab609e67,
    type: 3}
  m_PrefabInstance: {fileID: 1972382818882243615}
  m_PrefabAsset: {fileID: 0}
--- !u!4 &4425378980664503457 stripped
Transform:
  m_CorrespondingSourceObject: {fileID: 2753200228150780094, guid: 8ce22607f7684704eabfe662ab609e67,
    type: 3}
  m_PrefabInstance: {fileID: 1972382818882243615}
  m_PrefabAsset: {fileID: 0}
--- !u!1001 &1972382818909419231
PrefabInstance:
  m_ObjectHideFlags: 0
  serializedVersion: 2
  m_Modification:
    m_TransformParent: {fileID: 1972382819168655487}
    m_Modifications:
    - target: {fileID: 55469014173691389, guid: 34b4b1542575b38408fdace7092a30db,
        type: 3}
      propertyPath: m_RootOrder
      value: 9
      objectReference: {fileID: 0}
    - target: {fileID: 55469014173691389, guid: 34b4b1542575b38408fdace7092a30db,
        type: 3}
      propertyPath: m_LocalPosition.x
      value: -0.91
      objectReference: {fileID: 0}
    - target: {fileID: 55469014173691389, guid: 34b4b1542575b38408fdace7092a30db,
        type: 3}
      propertyPath: m_LocalPosition.y
      value: 11.96
      objectReference: {fileID: 0}
    - target: {fileID: 55469014173691389, guid: 34b4b1542575b38408fdace7092a30db,
        type: 3}
      propertyPath: m_LocalPosition.z
      value: 0
      objectReference: {fileID: 0}
    - target: {fileID: 55469014173691389, guid: 34b4b1542575b38408fdace7092a30db,
        type: 3}
      propertyPath: m_LocalRotation.w
      value: 1
      objectReference: {fileID: 0}
    - target: {fileID: 55469014173691389, guid: 34b4b1542575b38408fdace7092a30db,
        type: 3}
      propertyPath: m_LocalRotation.x
      value: 0
      objectReference: {fileID: 0}
    - target: {fileID: 55469014173691389, guid: 34b4b1542575b38408fdace7092a30db,
        type: 3}
      propertyPath: m_LocalRotation.y
      value: 0
      objectReference: {fileID: 0}
    - target: {fileID: 55469014173691389, guid: 34b4b1542575b38408fdace7092a30db,
        type: 3}
      propertyPath: m_LocalRotation.z
      value: 0
      objectReference: {fileID: 0}
    - target: {fileID: 55469014173691389, guid: 34b4b1542575b38408fdace7092a30db,
        type: 3}
      propertyPath: m_LocalEulerAnglesHint.x
      value: 0
      objectReference: {fileID: 0}
    - target: {fileID: 55469014173691389, guid: 34b4b1542575b38408fdace7092a30db,
        type: 3}
      propertyPath: m_LocalEulerAnglesHint.y
      value: 0
      objectReference: {fileID: 0}
    - target: {fileID: 55469014173691389, guid: 34b4b1542575b38408fdace7092a30db,
        type: 3}
      propertyPath: m_LocalEulerAnglesHint.z
      value: 0
      objectReference: {fileID: 0}
    - target: {fileID: 5507506242413340689, guid: 34b4b1542575b38408fdace7092a30db,
        type: 3}
      propertyPath: m_Name
      value: Log
      objectReference: {fileID: 0}
    m_RemovedComponents:
    - {fileID: -8943381975460320523, guid: 34b4b1542575b38408fdace7092a30db, type: 3}
  m_SourcePrefab: {fileID: 100100000, guid: 34b4b1542575b38408fdace7092a30db, type: 3}
--- !u!1 &6283040475899682510 stripped
GameObject:
  m_CorrespondingSourceObject: {fileID: 5507506242413340689, guid: 34b4b1542575b38408fdace7092a30db,
    type: 3}
  m_PrefabInstance: {fileID: 1972382818909419231}
  m_PrefabAsset: {fileID: 0}
--- !u!4 &1989007184636205858 stripped
Transform:
  m_CorrespondingSourceObject: {fileID: 55469014173691389, guid: 34b4b1542575b38408fdace7092a30db,
    type: 3}
  m_PrefabInstance: {fileID: 1972382818909419231}
  m_PrefabAsset: {fileID: 0}
--- !u!1001 &1972382819042932489
PrefabInstance:
  m_ObjectHideFlags: 0
  serializedVersion: 2
  m_Modification:
    m_TransformParent: {fileID: 1972382819168655487}
    m_Modifications:
    - target: {fileID: 5729703069898191294, guid: 2008c4c1416a5f6429bed6d0df43e7c5,
        type: 3}
      propertyPath: m_RootOrder
      value: 15
      objectReference: {fileID: 0}
    - target: {fileID: 5729703069898191294, guid: 2008c4c1416a5f6429bed6d0df43e7c5,
        type: 3}
      propertyPath: m_LocalPosition.x
      value: -2.31
      objectReference: {fileID: 0}
    - target: {fileID: 5729703069898191294, guid: 2008c4c1416a5f6429bed6d0df43e7c5,
        type: 3}
      propertyPath: m_LocalPosition.y
      value: 8.7862015
      objectReference: {fileID: 0}
    - target: {fileID: 5729703069898191294, guid: 2008c4c1416a5f6429bed6d0df43e7c5,
        type: 3}
      propertyPath: m_LocalPosition.z
      value: 0
      objectReference: {fileID: 0}
    - target: {fileID: 5729703069898191294, guid: 2008c4c1416a5f6429bed6d0df43e7c5,
        type: 3}
      propertyPath: m_LocalRotation.w
      value: 1
      objectReference: {fileID: 0}
    - target: {fileID: 5729703069898191294, guid: 2008c4c1416a5f6429bed6d0df43e7c5,
        type: 3}
      propertyPath: m_LocalRotation.x
      value: -0
      objectReference: {fileID: 0}
    - target: {fileID: 5729703069898191294, guid: 2008c4c1416a5f6429bed6d0df43e7c5,
        type: 3}
      propertyPath: m_LocalRotation.y
      value: -0
      objectReference: {fileID: 0}
    - target: {fileID: 5729703069898191294, guid: 2008c4c1416a5f6429bed6d0df43e7c5,
        type: 3}
      propertyPath: m_LocalRotation.z
      value: -0
      objectReference: {fileID: 0}
    - target: {fileID: 5729703069898191294, guid: 2008c4c1416a5f6429bed6d0df43e7c5,
        type: 3}
      propertyPath: m_LocalEulerAnglesHint.x
      value: 0
      objectReference: {fileID: 0}
    - target: {fileID: 5729703069898191294, guid: 2008c4c1416a5f6429bed6d0df43e7c5,
        type: 3}
      propertyPath: m_LocalEulerAnglesHint.y
      value: 0
      objectReference: {fileID: 0}
    - target: {fileID: 5729703069898191294, guid: 2008c4c1416a5f6429bed6d0df43e7c5,
        type: 3}
      propertyPath: m_LocalEulerAnglesHint.z
      value: 0
      objectReference: {fileID: 0}
    - target: {fileID: 8256100187898936044, guid: 2008c4c1416a5f6429bed6d0df43e7c5,
        type: 3}
      propertyPath: m_Name
      value: Chest (14)
      objectReference: {fileID: 0}
    m_RemovedComponents:
    - {fileID: -9203521396136529783, guid: 2008c4c1416a5f6429bed6d0df43e7c5, type: 3}
  m_SourcePrefab: {fileID: 100100000, guid: 2008c4c1416a5f6429bed6d0df43e7c5, type: 3}
--- !u!4 &6114957200887383735 stripped
Transform:
  m_CorrespondingSourceObject: {fileID: 5729703069898191294, guid: 2008c4c1416a5f6429bed6d0df43e7c5,
    type: 3}
  m_PrefabInstance: {fileID: 1972382819042932489}
  m_PrefabAsset: {fileID: 0}
--- !u!1 &7623680310087208421 stripped
GameObject:
  m_CorrespondingSourceObject: {fileID: 8256100187898936044, guid: 2008c4c1416a5f6429bed6d0df43e7c5,
    type: 3}
  m_PrefabInstance: {fileID: 1972382819042932489}
  m_PrefabAsset: {fileID: 0}
--- !u!1001 &1972382819095776351
PrefabInstance:
  m_ObjectHideFlags: 0
  serializedVersion: 2
  m_Modification:
    m_TransformParent: {fileID: 1972382819168655487}
    m_Modifications:
    - target: {fileID: 5702110903447766705, guid: 865dc65ee18384c47b14a6013b78299c,
        type: 3}
      propertyPath: m_Name
      value: Island1
      objectReference: {fileID: 0}
    - target: {fileID: 7570038803294256749, guid: 865dc65ee18384c47b14a6013b78299c,
        type: 3}
      propertyPath: m_RootOrder
      value: 5
      objectReference: {fileID: 0}
    - target: {fileID: 7570038803294256749, guid: 865dc65ee18384c47b14a6013b78299c,
        type: 3}
      propertyPath: m_LocalPosition.x
      value: -2.822298
      objectReference: {fileID: 0}
    - target: {fileID: 7570038803294256749, guid: 865dc65ee18384c47b14a6013b78299c,
        type: 3}
      propertyPath: m_LocalPosition.y
      value: 24.010794
      objectReference: {fileID: 0}
    - target: {fileID: 7570038803294256749, guid: 865dc65ee18384c47b14a6013b78299c,
        type: 3}
      propertyPath: m_LocalPosition.z
      value: 0
      objectReference: {fileID: 0}
    - target: {fileID: 7570038803294256749, guid: 865dc65ee18384c47b14a6013b78299c,
        type: 3}
      propertyPath: m_LocalRotation.w
      value: 1
      objectReference: {fileID: 0}
    - target: {fileID: 7570038803294256749, guid: 865dc65ee18384c47b14a6013b78299c,
        type: 3}
      propertyPath: m_LocalRotation.x
      value: -0
      objectReference: {fileID: 0}
    - target: {fileID: 7570038803294256749, guid: 865dc65ee18384c47b14a6013b78299c,
        type: 3}
      propertyPath: m_LocalRotation.y
      value: -0
      objectReference: {fileID: 0}
    - target: {fileID: 7570038803294256749, guid: 865dc65ee18384c47b14a6013b78299c,
        type: 3}
      propertyPath: m_LocalRotation.z
      value: -0
      objectReference: {fileID: 0}
    - target: {fileID: 7570038803294256749, guid: 865dc65ee18384c47b14a6013b78299c,
        type: 3}
      propertyPath: m_LocalEulerAnglesHint.x
      value: 0
      objectReference: {fileID: 0}
    - target: {fileID: 7570038803294256749, guid: 865dc65ee18384c47b14a6013b78299c,
        type: 3}
      propertyPath: m_LocalEulerAnglesHint.y
      value: 0
      objectReference: {fileID: 0}
    - target: {fileID: 7570038803294256749, guid: 865dc65ee18384c47b14a6013b78299c,
        type: 3}
      propertyPath: m_LocalEulerAnglesHint.z
      value: 0
      objectReference: {fileID: 0}
    m_RemovedComponents:
    - {fileID: 236151190509405293, guid: 865dc65ee18384c47b14a6013b78299c, type: 3}
  m_SourcePrefab: {fileID: 100100000, guid: 865dc65ee18384c47b14a6013b78299c, type: 3}
--- !u!4 &8237472491435422258 stripped
Transform:
  m_CorrespondingSourceObject: {fileID: 7570038803294256749, guid: 865dc65ee18384c47b14a6013b78299c,
    type: 3}
  m_PrefabInstance: {fileID: 1972382819095776351}
  m_PrefabAsset: {fileID: 0}
--- !u!1 &6088506187801381614 stripped
GameObject:
  m_CorrespondingSourceObject: {fileID: 5702110903447766705, guid: 865dc65ee18384c47b14a6013b78299c,
    type: 3}
  m_PrefabInstance: {fileID: 1972382819095776351}
  m_PrefabAsset: {fileID: 0}
--- !u!1001 &1972382819379624479
PrefabInstance:
  m_ObjectHideFlags: 0
  serializedVersion: 2
  m_Modification:
    m_TransformParent: {fileID: 1972382819168655487}
    m_Modifications:
    - target: {fileID: 2574772946765128698, guid: af9f3476ba471314299216ece7a14959,
        type: 3}
      propertyPath: m_RootOrder
      value: 7
      objectReference: {fileID: 0}
    - target: {fileID: 2574772946765128698, guid: af9f3476ba471314299216ece7a14959,
        type: 3}
      propertyPath: m_LocalPosition.x
      value: 2.1277018
      objectReference: {fileID: 0}
    - target: {fileID: 2574772946765128698, guid: af9f3476ba471314299216ece7a14959,
        type: 3}
      propertyPath: m_LocalPosition.y
      value: 8.570793
      objectReference: {fileID: 0}
    - target: {fileID: 2574772946765128698, guid: af9f3476ba471314299216ece7a14959,
        type: 3}
      propertyPath: m_LocalPosition.z
      value: 0
      objectReference: {fileID: 0}
    - target: {fileID: 2574772946765128698, guid: af9f3476ba471314299216ece7a14959,
        type: 3}
      propertyPath: m_LocalRotation.w
      value: 1
      objectReference: {fileID: 0}
    - target: {fileID: 2574772946765128698, guid: af9f3476ba471314299216ece7a14959,
        type: 3}
      propertyPath: m_LocalRotation.x
      value: -0
      objectReference: {fileID: 0}
    - target: {fileID: 2574772946765128698, guid: af9f3476ba471314299216ece7a14959,
        type: 3}
      propertyPath: m_LocalRotation.y
      value: -0
      objectReference: {fileID: 0}
    - target: {fileID: 2574772946765128698, guid: af9f3476ba471314299216ece7a14959,
        type: 3}
      propertyPath: m_LocalRotation.z
      value: -0
      objectReference: {fileID: 0}
    - target: {fileID: 2574772946765128698, guid: af9f3476ba471314299216ece7a14959,
        type: 3}
      propertyPath: m_LocalEulerAnglesHint.x
      value: 0
      objectReference: {fileID: 0}
    - target: {fileID: 2574772946765128698, guid: af9f3476ba471314299216ece7a14959,
        type: 3}
      propertyPath: m_LocalEulerAnglesHint.y
      value: 0
      objectReference: {fileID: 0}
    - target: {fileID: 2574772946765128698, guid: af9f3476ba471314299216ece7a14959,
        type: 3}
      propertyPath: m_LocalEulerAnglesHint.z
      value: 0
      objectReference: {fileID: 0}
    - target: {fileID: 9073272579260645115, guid: af9f3476ba471314299216ece7a14959,
        type: 3}
      propertyPath: m_Name
      value: Rock3
      objectReference: {fileID: 0}
    m_RemovedComponents:
    - {fileID: 538078252768887181, guid: af9f3476ba471314299216ece7a14959, type: 3}
  m_SourcePrefab: {fileID: 100100000, guid: af9f3476ba471314299216ece7a14959, type: 3}
--- !u!4 &4099438820377500133 stripped
Transform:
  m_CorrespondingSourceObject: {fileID: 2574772946765128698, guid: af9f3476ba471314299216ece7a14959,
    type: 3}
  m_PrefabInstance: {fileID: 1972382819379624479}
  m_PrefabAsset: {fileID: 0}
--- !u!1 &7401088675044115684 stripped
GameObject:
  m_CorrespondingSourceObject: {fileID: 9073272579260645115, guid: af9f3476ba471314299216ece7a14959,
    type: 3}
  m_PrefabInstance: {fileID: 1972382819379624479}
  m_PrefabAsset: {fileID: 0}
--- !u!1001 &1972382819548591676
PrefabInstance:
  m_ObjectHideFlags: 0
  serializedVersion: 2
  m_Modification:
    m_TransformParent: {fileID: 1972382819168655487}
    m_Modifications:
    - target: {fileID: 5729703069898191294, guid: 2008c4c1416a5f6429bed6d0df43e7c5,
        type: 3}
      propertyPath: m_RootOrder
      value: 14
      objectReference: {fileID: 0}
    - target: {fileID: 5729703069898191294, guid: 2008c4c1416a5f6429bed6d0df43e7c5,
        type: 3}
      propertyPath: m_LocalPosition.x
      value: 3.3173947
      objectReference: {fileID: 0}
    - target: {fileID: 5729703069898191294, guid: 2008c4c1416a5f6429bed6d0df43e7c5,
        type: 3}
      propertyPath: m_LocalPosition.y
      value: 6.221819
      objectReference: {fileID: 0}
    - target: {fileID: 5729703069898191294, guid: 2008c4c1416a5f6429bed6d0df43e7c5,
        type: 3}
      propertyPath: m_LocalPosition.z
      value: 0
      objectReference: {fileID: 0}
    - target: {fileID: 5729703069898191294, guid: 2008c4c1416a5f6429bed6d0df43e7c5,
        type: 3}
      propertyPath: m_LocalRotation.w
      value: 1
      objectReference: {fileID: 0}
    - target: {fileID: 5729703069898191294, guid: 2008c4c1416a5f6429bed6d0df43e7c5,
        type: 3}
      propertyPath: m_LocalRotation.x
      value: -0
      objectReference: {fileID: 0}
    - target: {fileID: 5729703069898191294, guid: 2008c4c1416a5f6429bed6d0df43e7c5,
        type: 3}
      propertyPath: m_LocalRotation.y
      value: -0
      objectReference: {fileID: 0}
    - target: {fileID: 5729703069898191294, guid: 2008c4c1416a5f6429bed6d0df43e7c5,
        type: 3}
      propertyPath: m_LocalRotation.z
      value: -0
      objectReference: {fileID: 0}
    - target: {fileID: 5729703069898191294, guid: 2008c4c1416a5f6429bed6d0df43e7c5,
        type: 3}
      propertyPath: m_LocalEulerAnglesHint.x
      value: 0
      objectReference: {fileID: 0}
    - target: {fileID: 5729703069898191294, guid: 2008c4c1416a5f6429bed6d0df43e7c5,
        type: 3}
      propertyPath: m_LocalEulerAnglesHint.y
      value: 0
      objectReference: {fileID: 0}
    - target: {fileID: 5729703069898191294, guid: 2008c4c1416a5f6429bed6d0df43e7c5,
        type: 3}
      propertyPath: m_LocalEulerAnglesHint.z
      value: 0
      objectReference: {fileID: 0}
    - target: {fileID: 8256100187898936044, guid: 2008c4c1416a5f6429bed6d0df43e7c5,
        type: 3}
      propertyPath: m_Name
      value: Chest (15)
      objectReference: {fileID: 0}
    m_RemovedComponents:
    - {fileID: -9203521396136529783, guid: 2008c4c1416a5f6429bed6d0df43e7c5, type: 3}
  m_SourcePrefab: {fileID: 100100000, guid: 2008c4c1416a5f6429bed6d0df43e7c5, type: 3}
--- !u!4 &6114957200323102594 stripped
Transform:
  m_CorrespondingSourceObject: {fileID: 5729703069898191294, guid: 2008c4c1416a5f6429bed6d0df43e7c5,
    type: 3}
  m_PrefabInstance: {fileID: 1972382819548591676}
  m_PrefabAsset: {fileID: 0}
--- !u!1 &7623680310584446160 stripped
GameObject:
  m_CorrespondingSourceObject: {fileID: 8256100187898936044, guid: 2008c4c1416a5f6429bed6d0df43e7c5,
    type: 3}
  m_PrefabInstance: {fileID: 1972382819548591676}
  m_PrefabAsset: {fileID: 0}
--- !u!1001 &1972382819573208963
PrefabInstance:
  m_ObjectHideFlags: 0
  serializedVersion: 2
  m_Modification:
    m_TransformParent: {fileID: 1972382819168655487}
    m_Modifications:
    - target: {fileID: 5729703069898191294, guid: 2008c4c1416a5f6429bed6d0df43e7c5,
        type: 3}
      propertyPath: m_RootOrder
      value: 16
      objectReference: {fileID: 0}
    - target: {fileID: 5729703069898191294, guid: 2008c4c1416a5f6429bed6d0df43e7c5,
        type: 3}
      propertyPath: m_LocalPosition.x
      value: 3.39
      objectReference: {fileID: 0}
    - target: {fileID: 5729703069898191294, guid: 2008c4c1416a5f6429bed6d0df43e7c5,
        type: 3}
      propertyPath: m_LocalPosition.y
      value: 13.78
      objectReference: {fileID: 0}
    - target: {fileID: 5729703069898191294, guid: 2008c4c1416a5f6429bed6d0df43e7c5,
        type: 3}
      propertyPath: m_LocalPosition.z
      value: 0
      objectReference: {fileID: 0}
    - target: {fileID: 5729703069898191294, guid: 2008c4c1416a5f6429bed6d0df43e7c5,
        type: 3}
      propertyPath: m_LocalRotation.w
      value: 1
      objectReference: {fileID: 0}
    - target: {fileID: 5729703069898191294, guid: 2008c4c1416a5f6429bed6d0df43e7c5,
        type: 3}
      propertyPath: m_LocalRotation.x
      value: -0
      objectReference: {fileID: 0}
    - target: {fileID: 5729703069898191294, guid: 2008c4c1416a5f6429bed6d0df43e7c5,
        type: 3}
      propertyPath: m_LocalRotation.y
      value: -0
      objectReference: {fileID: 0}
    - target: {fileID: 5729703069898191294, guid: 2008c4c1416a5f6429bed6d0df43e7c5,
        type: 3}
      propertyPath: m_LocalRotation.z
      value: -0
      objectReference: {fileID: 0}
    - target: {fileID: 5729703069898191294, guid: 2008c4c1416a5f6429bed6d0df43e7c5,
        type: 3}
      propertyPath: m_LocalEulerAnglesHint.x
      value: 0
      objectReference: {fileID: 0}
    - target: {fileID: 5729703069898191294, guid: 2008c4c1416a5f6429bed6d0df43e7c5,
        type: 3}
      propertyPath: m_LocalEulerAnglesHint.y
      value: 0
      objectReference: {fileID: 0}
    - target: {fileID: 5729703069898191294, guid: 2008c4c1416a5f6429bed6d0df43e7c5,
        type: 3}
      propertyPath: m_LocalEulerAnglesHint.z
      value: 0
      objectReference: {fileID: 0}
    - target: {fileID: 8256100187898936044, guid: 2008c4c1416a5f6429bed6d0df43e7c5,
        type: 3}
      propertyPath: m_Name
      value: Chest (13)
      objectReference: {fileID: 0}
    m_RemovedComponents:
    - {fileID: -9203521396136529783, guid: 2008c4c1416a5f6429bed6d0df43e7c5, type: 3}
  m_SourcePrefab: {fileID: 100100000, guid: 2008c4c1416a5f6429bed6d0df43e7c5, type: 3}
--- !u!1 &7623680310567169391 stripped
GameObject:
  m_CorrespondingSourceObject: {fileID: 8256100187898936044, guid: 2008c4c1416a5f6429bed6d0df43e7c5,
    type: 3}
  m_PrefabInstance: {fileID: 1972382819573208963}
  m_PrefabAsset: {fileID: 0}
--- !u!4 &6114957200290063933 stripped
Transform:
  m_CorrespondingSourceObject: {fileID: 5729703069898191294, guid: 2008c4c1416a5f6429bed6d0df43e7c5,
    type: 3}
  m_PrefabInstance: {fileID: 1972382819573208963}
  m_PrefabAsset: {fileID: 0}
--- !u!1001 &1972382819713267609
PrefabInstance:
  m_ObjectHideFlags: 0
  serializedVersion: 2
  m_Modification:
    m_TransformParent: {fileID: 1972382819168655487}
    m_Modifications:
    - target: {fileID: 5729703069898191294, guid: 2008c4c1416a5f6429bed6d0df43e7c5,
        type: 3}
      propertyPath: m_RootOrder
      value: 17
      objectReference: {fileID: 0}
    - target: {fileID: 5729703069898191294, guid: 2008c4c1416a5f6429bed6d0df43e7c5,
        type: 3}
      propertyPath: m_LocalPosition.x
      value: -1.8122983
      objectReference: {fileID: 0}
    - target: {fileID: 5729703069898191294, guid: 2008c4c1416a5f6429bed6d0df43e7c5,
        type: 3}
      propertyPath: m_LocalPosition.y
      value: 0.69079304
      objectReference: {fileID: 0}
    - target: {fileID: 5729703069898191294, guid: 2008c4c1416a5f6429bed6d0df43e7c5,
        type: 3}
      propertyPath: m_LocalPosition.z
      value: 0
      objectReference: {fileID: 0}
    - target: {fileID: 5729703069898191294, guid: 2008c4c1416a5f6429bed6d0df43e7c5,
        type: 3}
      propertyPath: m_LocalRotation.w
      value: 1
      objectReference: {fileID: 0}
    - target: {fileID: 5729703069898191294, guid: 2008c4c1416a5f6429bed6d0df43e7c5,
        type: 3}
      propertyPath: m_LocalRotation.x
      value: -0
      objectReference: {fileID: 0}
    - target: {fileID: 5729703069898191294, guid: 2008c4c1416a5f6429bed6d0df43e7c5,
        type: 3}
      propertyPath: m_LocalRotation.y
      value: -0
      objectReference: {fileID: 0}
    - target: {fileID: 5729703069898191294, guid: 2008c4c1416a5f6429bed6d0df43e7c5,
        type: 3}
      propertyPath: m_LocalRotation.z
      value: -0
      objectReference: {fileID: 0}
    - target: {fileID: 5729703069898191294, guid: 2008c4c1416a5f6429bed6d0df43e7c5,
        type: 3}
      propertyPath: m_LocalEulerAnglesHint.x
      value: 0
      objectReference: {fileID: 0}
    - target: {fileID: 5729703069898191294, guid: 2008c4c1416a5f6429bed6d0df43e7c5,
        type: 3}
      propertyPath: m_LocalEulerAnglesHint.y
      value: 0
      objectReference: {fileID: 0}
    - target: {fileID: 5729703069898191294, guid: 2008c4c1416a5f6429bed6d0df43e7c5,
        type: 3}
      propertyPath: m_LocalEulerAnglesHint.z
      value: 0
      objectReference: {fileID: 0}
    - target: {fileID: 8256100187898936044, guid: 2008c4c1416a5f6429bed6d0df43e7c5,
        type: 3}
      propertyPath: m_Name
      value: Chest (12)
      objectReference: {fileID: 0}
    m_RemovedComponents:
    - {fileID: -9203521396136529783, guid: 2008c4c1416a5f6429bed6d0df43e7c5, type: 3}
  m_SourcePrefab: {fileID: 100100000, guid: 2008c4c1416a5f6429bed6d0df43e7c5, type: 3}
--- !u!1 &7623680310220672373 stripped
GameObject:
  m_CorrespondingSourceObject: {fileID: 8256100187898936044, guid: 2008c4c1416a5f6429bed6d0df43e7c5,
    type: 3}
  m_PrefabInstance: {fileID: 1972382819713267609}
  m_PrefabAsset: {fileID: 0}
--- !u!4 &6114957199948678695 stripped
Transform:
  m_CorrespondingSourceObject: {fileID: 5729703069898191294, guid: 2008c4c1416a5f6429bed6d0df43e7c5,
    type: 3}
  m_PrefabInstance: {fileID: 1972382819713267609}
  m_PrefabAsset: {fileID: 0}
--- !u!1001 &1972382819773105520
PrefabInstance:
  m_ObjectHideFlags: 0
  serializedVersion: 2
  m_Modification:
    m_TransformParent: {fileID: 1972382819168655487}
    m_Modifications:
    - target: {fileID: 5729703069898191294, guid: 2008c4c1416a5f6429bed6d0df43e7c5,
        type: 3}
      propertyPath: m_RootOrder
      value: 20
      objectReference: {fileID: 0}
    - target: {fileID: 5729703069898191294, guid: 2008c4c1416a5f6429bed6d0df43e7c5,
        type: 3}
      propertyPath: m_LocalPosition.x
      value: 3.032463
      objectReference: {fileID: 0}
    - target: {fileID: 5729703069898191294, guid: 2008c4c1416a5f6429bed6d0df43e7c5,
        type: 3}
      propertyPath: m_LocalPosition.y
      value: 10.282091
      objectReference: {fileID: 0}
    - target: {fileID: 5729703069898191294, guid: 2008c4c1416a5f6429bed6d0df43e7c5,
        type: 3}
      propertyPath: m_LocalPosition.z
      value: 0
      objectReference: {fileID: 0}
    - target: {fileID: 5729703069898191294, guid: 2008c4c1416a5f6429bed6d0df43e7c5,
        type: 3}
      propertyPath: m_LocalRotation.w
      value: 1
      objectReference: {fileID: 0}
    - target: {fileID: 5729703069898191294, guid: 2008c4c1416a5f6429bed6d0df43e7c5,
        type: 3}
      propertyPath: m_LocalRotation.x
      value: -0
      objectReference: {fileID: 0}
    - target: {fileID: 5729703069898191294, guid: 2008c4c1416a5f6429bed6d0df43e7c5,
        type: 3}
      propertyPath: m_LocalRotation.y
      value: -0
      objectReference: {fileID: 0}
    - target: {fileID: 5729703069898191294, guid: 2008c4c1416a5f6429bed6d0df43e7c5,
        type: 3}
      propertyPath: m_LocalRotation.z
      value: -0
      objectReference: {fileID: 0}
    - target: {fileID: 5729703069898191294, guid: 2008c4c1416a5f6429bed6d0df43e7c5,
        type: 3}
      propertyPath: m_LocalEulerAnglesHint.x
      value: 0
      objectReference: {fileID: 0}
    - target: {fileID: 5729703069898191294, guid: 2008c4c1416a5f6429bed6d0df43e7c5,
        type: 3}
      propertyPath: m_LocalEulerAnglesHint.y
      value: 0
      objectReference: {fileID: 0}
    - target: {fileID: 5729703069898191294, guid: 2008c4c1416a5f6429bed6d0df43e7c5,
        type: 3}
      propertyPath: m_LocalEulerAnglesHint.z
      value: 0
      objectReference: {fileID: 0}
    - target: {fileID: 8256100187898936044, guid: 2008c4c1416a5f6429bed6d0df43e7c5,
        type: 3}
      propertyPath: m_Name
      value: Chest (9)
      objectReference: {fileID: 0}
    m_RemovedComponents:
    - {fileID: -9203521396136529783, guid: 2008c4c1416a5f6429bed6d0df43e7c5, type: 3}
  m_SourcePrefab: {fileID: 100100000, guid: 2008c4c1416a5f6429bed6d0df43e7c5, type: 3}
--- !u!1 &7623680310230171548 stripped
GameObject:
  m_CorrespondingSourceObject: {fileID: 8256100187898936044, guid: 2008c4c1416a5f6429bed6d0df43e7c5,
    type: 3}
  m_PrefabInstance: {fileID: 1972382819773105520}
  m_PrefabAsset: {fileID: 0}
--- !u!4 &6114957199821763790 stripped
Transform:
  m_CorrespondingSourceObject: {fileID: 5729703069898191294, guid: 2008c4c1416a5f6429bed6d0df43e7c5,
    type: 3}
  m_PrefabInstance: {fileID: 1972382819773105520}
  m_PrefabAsset: {fileID: 0}
--- !u!1001 &1972382819891891064
PrefabInstance:
  m_ObjectHideFlags: 0
  serializedVersion: 2
  m_Modification:
    m_TransformParent: {fileID: 1972382819168655487}
    m_Modifications:
    - target: {fileID: 657328149665579249, guid: 3be7f1c4d0b4b914b88b8fb4ee739699,
        type: 3}
      propertyPath: m_RootOrder
      value: 12
      objectReference: {fileID: 0}
    - target: {fileID: 657328149665579249, guid: 3be7f1c4d0b4b914b88b8fb4ee739699,
        type: 3}
      propertyPath: m_LocalPosition.x
      value: 1.5
      objectReference: {fileID: 0}
    - target: {fileID: 657328149665579249, guid: 3be7f1c4d0b4b914b88b8fb4ee739699,
        type: 3}
      propertyPath: m_LocalPosition.y
      value: 22.48
      objectReference: {fileID: 0}
    - target: {fileID: 657328149665579249, guid: 3be7f1c4d0b4b914b88b8fb4ee739699,
        type: 3}
      propertyPath: m_LocalPosition.z
      value: 0
      objectReference: {fileID: 0}
    - target: {fileID: 657328149665579249, guid: 3be7f1c4d0b4b914b88b8fb4ee739699,
        type: 3}
      propertyPath: m_LocalRotation.w
      value: 1
      objectReference: {fileID: 0}
    - target: {fileID: 657328149665579249, guid: 3be7f1c4d0b4b914b88b8fb4ee739699,
        type: 3}
      propertyPath: m_LocalRotation.x
      value: -0
      objectReference: {fileID: 0}
    - target: {fileID: 657328149665579249, guid: 3be7f1c4d0b4b914b88b8fb4ee739699,
        type: 3}
      propertyPath: m_LocalRotation.y
      value: -0
      objectReference: {fileID: 0}
    - target: {fileID: 657328149665579249, guid: 3be7f1c4d0b4b914b88b8fb4ee739699,
        type: 3}
      propertyPath: m_LocalRotation.z
      value: -0
      objectReference: {fileID: 0}
    - target: {fileID: 657328149665579249, guid: 3be7f1c4d0b4b914b88b8fb4ee739699,
        type: 3}
      propertyPath: m_LocalEulerAnglesHint.x
      value: 0
      objectReference: {fileID: 0}
    - target: {fileID: 657328149665579249, guid: 3be7f1c4d0b4b914b88b8fb4ee739699,
        type: 3}
      propertyPath: m_LocalEulerAnglesHint.y
      value: 0
      objectReference: {fileID: 0}
    - target: {fileID: 657328149665579249, guid: 3be7f1c4d0b4b914b88b8fb4ee739699,
        type: 3}
      propertyPath: m_LocalEulerAnglesHint.z
      value: 0
      objectReference: {fileID: 0}
    - target: {fileID: 657328149665579250, guid: 3be7f1c4d0b4b914b88b8fb4ee739699,
        type: 3}
      propertyPath: m_Name
      value: BarrelCollection2
      objectReference: {fileID: 0}
    m_RemovedComponents:
    - {fileID: 5821068652644494192, guid: 3be7f1c4d0b4b914b88b8fb4ee739699, type: 3}
  m_SourcePrefab: {fileID: 100100000, guid: 3be7f1c4d0b4b914b88b8fb4ee739699, type: 3}
--- !u!4 &1315055220016008073 stripped
Transform:
  m_CorrespondingSourceObject: {fileID: 657328149665579249, guid: 3be7f1c4d0b4b914b88b8fb4ee739699,
    type: 3}
  m_PrefabInstance: {fileID: 1972382819891891064}
  m_PrefabAsset: {fileID: 0}
--- !u!1 &1315055220016008074 stripped
GameObject:
  m_CorrespondingSourceObject: {fileID: 657328149665579250, guid: 3be7f1c4d0b4b914b88b8fb4ee739699,
    type: 3}
  m_PrefabInstance: {fileID: 1972382819891891064}
  m_PrefabAsset: {fileID: 0}
--- !u!1001 &1972382819924035751
PrefabInstance:
  m_ObjectHideFlags: 0
  serializedVersion: 2
  m_Modification:
    m_TransformParent: {fileID: 1972382819168655487}
    m_Modifications:
    - target: {fileID: 5729703069898191294, guid: 2008c4c1416a5f6429bed6d0df43e7c5,
        type: 3}
      propertyPath: m_RootOrder
      value: 22
      objectReference: {fileID: 0}
    - target: {fileID: 5729703069898191294, guid: 2008c4c1416a5f6429bed6d0df43e7c5,
        type: 3}
      propertyPath: m_LocalPosition.x
      value: -3.2522979
      objectReference: {fileID: 0}
    - target: {fileID: 5729703069898191294, guid: 2008c4c1416a5f6429bed6d0df43e7c5,
        type: 3}
      propertyPath: m_LocalPosition.y
      value: 16.628496
      objectReference: {fileID: 0}
    - target: {fileID: 5729703069898191294, guid: 2008c4c1416a5f6429bed6d0df43e7c5,
        type: 3}
      propertyPath: m_LocalPosition.z
      value: 0
      objectReference: {fileID: 0}
    - target: {fileID: 5729703069898191294, guid: 2008c4c1416a5f6429bed6d0df43e7c5,
        type: 3}
      propertyPath: m_LocalRotation.w
      value: 1
      objectReference: {fileID: 0}
    - target: {fileID: 5729703069898191294, guid: 2008c4c1416a5f6429bed6d0df43e7c5,
        type: 3}
      propertyPath: m_LocalRotation.x
      value: -0
      objectReference: {fileID: 0}
    - target: {fileID: 5729703069898191294, guid: 2008c4c1416a5f6429bed6d0df43e7c5,
        type: 3}
      propertyPath: m_LocalRotation.y
      value: -0
      objectReference: {fileID: 0}
    - target: {fileID: 5729703069898191294, guid: 2008c4c1416a5f6429bed6d0df43e7c5,
        type: 3}
      propertyPath: m_LocalRotation.z
      value: -0
      objectReference: {fileID: 0}
    - target: {fileID: 5729703069898191294, guid: 2008c4c1416a5f6429bed6d0df43e7c5,
        type: 3}
      propertyPath: m_LocalEulerAnglesHint.x
      value: 0
      objectReference: {fileID: 0}
    - target: {fileID: 5729703069898191294, guid: 2008c4c1416a5f6429bed6d0df43e7c5,
        type: 3}
      propertyPath: m_LocalEulerAnglesHint.y
      value: 0
      objectReference: {fileID: 0}
    - target: {fileID: 5729703069898191294, guid: 2008c4c1416a5f6429bed6d0df43e7c5,
        type: 3}
      propertyPath: m_LocalEulerAnglesHint.z
      value: 0
      objectReference: {fileID: 0}
    - target: {fileID: 8256100187898936044, guid: 2008c4c1416a5f6429bed6d0df43e7c5,
        type: 3}
      propertyPath: m_Name
      value: Chest (6)
      objectReference: {fileID: 0}
    m_RemovedComponents:
    - {fileID: -9203521396136529783, guid: 2008c4c1416a5f6429bed6d0df43e7c5, type: 3}
  m_SourcePrefab: {fileID: 100100000, guid: 2008c4c1416a5f6429bed6d0df43e7c5, type: 3}
--- !u!4 &6114957200006379801 stripped
Transform:
  m_CorrespondingSourceObject: {fileID: 5729703069898191294, guid: 2008c4c1416a5f6429bed6d0df43e7c5,
    type: 3}
  m_PrefabInstance: {fileID: 1972382819924035751}
  m_PrefabAsset: {fileID: 0}
--- !u!1 &7623680310414651979 stripped
GameObject:
  m_CorrespondingSourceObject: {fileID: 8256100187898936044, guid: 2008c4c1416a5f6429bed6d0df43e7c5,
    type: 3}
  m_PrefabInstance: {fileID: 1972382819924035751}
  m_PrefabAsset: {fileID: 0}
