%YAML 1.1
%TAG !u! tag:unity3d.com,2011:
--- !u!1 &3558977545218027752
GameObject:
  m_ObjectHideFlags: 0
  m_CorrespondingSourceObject: {fileID: 0}
  m_PrefabInstance: {fileID: 0}
  m_PrefabAsset: {fileID: 0}
  serializedVersion: 6
  m_Component:
  - component: {fileID: 2825438362725628460}
  - component: {fileID: 7048616898450288577}
  m_Layer: 0
  m_Name: Square
  m_TagString: Untagged
  m_Icon: {fileID: 0}
  m_NavMeshLayer: 0
  m_StaticEditorFlags: 0
  m_IsActive: 1
--- !u!4 &2825438362725628460
Transform:
  m_ObjectHideFlags: 0
  m_CorrespondingSourceObject: {fileID: 0}
  m_PrefabInstance: {fileID: 0}
  m_PrefabAsset: {fileID: 0}
  m_GameObject: {fileID: 3558977545218027752}
  m_LocalRotation: {x: -0, y: -0, z: -0, w: 1}
  m_LocalPosition: {x: 0, y: 0.5, z: 0}
  m_LocalScale: {x: 1, y: 1, z: 1}
  m_Children: []
  m_Father: {fileID: 5387527410526870624}
  m_RootOrder: 0
  m_LocalEulerAnglesHint: {x: 0, y: 0, z: 0}
--- !u!212 &7048616898450288577
SpriteRenderer:
  m_ObjectHideFlags: 0
  m_CorrespondingSourceObject: {fileID: 0}
  m_PrefabInstance: {fileID: 0}
  m_PrefabAsset: {fileID: 0}
  m_GameObject: {fileID: 3558977545218027752}
  m_Enabled: 1
  m_CastShadows: 0
  m_ReceiveShadows: 0
  m_DynamicOccludee: 1
  m_MotionVectors: 1
  m_LightProbeUsage: 1
  m_ReflectionProbeUsage: 1
  m_RayTracingMode: 0
  m_RayTraceProcedural: 0
  m_RenderingLayerMask: 1
  m_RendererPriority: 0
  m_Materials:
  - {fileID: 10754, guid: 0000000000000000f000000000000000, type: 0}
  m_StaticBatchInfo:
    firstSubMesh: 0
    subMeshCount: 0
  m_StaticBatchRoot: {fileID: 0}
  m_ProbeAnchor: {fileID: 0}
  m_LightProbeVolumeOverride: {fileID: 0}
  m_ScaleInLightmap: 1
  m_ReceiveGI: 1
  m_PreserveUVs: 0
  m_IgnoreNormalsForChartDetection: 0
  m_ImportantGI: 0
  m_StitchLightmapSeams: 1
  m_SelectedEditorRenderState: 0
  m_MinimumChartSize: 4
  m_AutoUVMaxDistance: 0.5
  m_AutoUVMaxAngle: 89
  m_LightmapParameters: {fileID: 0}
  m_SortingLayerID: 2143759841
  m_SortingLayer: -2
  m_SortingOrder: 0
  m_Sprite: {fileID: 7482667652216324306, guid: 48e93eef0688c4a259cb0eddcd8661f7,
    type: 3}
  m_Color: {r: 1, g: 1, b: 1, a: 1}
  m_FlipX: 0
  m_FlipY: 0
  m_DrawMode: 0
  m_Size: {x: 1, y: 1}
  m_AdaptiveModeThreshold: 0.5
  m_SpriteTileMode: 0
  m_WasSpriteAssigned: 1
  m_MaskInteraction: 0
  m_SpriteSortPoint: 0
--- !u!1 &5643378839544170982
GameObject:
  m_ObjectHideFlags: 0
  m_CorrespondingSourceObject: {fileID: 0}
  m_PrefabInstance: {fileID: 0}
  m_PrefabAsset: {fileID: 0}
  serializedVersion: 6
  m_Component:
  - component: {fileID: 2162964634847832983}
  m_Layer: 0
  m_Name: GroupOrigin
  m_TagString: Untagged
  m_Icon: {fileID: -964228994112308473, guid: 0000000000000000d000000000000000, type: 0}
  m_NavMeshLayer: 0
  m_StaticEditorFlags: 0
  m_IsActive: 1
--- !u!4 &2162964634847832983
Transform:
  m_ObjectHideFlags: 0
  m_CorrespondingSourceObject: {fileID: 0}
  m_PrefabInstance: {fileID: 0}
  m_PrefabAsset: {fileID: 0}
  m_GameObject: {fileID: 5643378839544170982}
  m_LocalRotation: {x: 0, y: 0, z: 0, w: 1}
  m_LocalPosition: {x: 0, y: 0, z: 0}
  m_LocalScale: {x: 1, y: 1, z: 1}
  m_Children: []
  m_Father: {fileID: 8027559047471640448}
  m_RootOrder: 0
  m_LocalEulerAnglesHint: {x: 0, y: 0, z: 0}
--- !u!1 &6177291635583312985
GameObject:
  m_ObjectHideFlags: 0
  m_CorrespondingSourceObject: {fileID: 0}
  m_PrefabInstance: {fileID: 0}
  m_PrefabAsset: {fileID: 0}
  serializedVersion: 6
  m_Component:
  - component: {fileID: 7901325913207703080}
  m_Layer: 0
  m_Name: GroupBoundary
  m_TagString: Untagged
  m_Icon: {fileID: -964228994112308473, guid: 0000000000000000d000000000000000, type: 0}
  m_NavMeshLayer: 0
  m_StaticEditorFlags: 0
  m_IsActive: 1
--- !u!4 &7901325913207703080
Transform:
  m_ObjectHideFlags: 0
  m_CorrespondingSourceObject: {fileID: 0}
  m_PrefabInstance: {fileID: 0}
  m_PrefabAsset: {fileID: 0}
  m_GameObject: {fileID: 6177291635583312985}
  m_LocalRotation: {x: 0, y: 0, z: 0, w: 1}
  m_LocalPosition: {x: 0, y: 25, z: 0}
  m_LocalScale: {x: 1, y: 1, z: 1}
  m_Children: []
  m_Father: {fileID: 8027559047471640448}
  m_RootOrder: 2
  m_LocalEulerAnglesHint: {x: 0, y: 0, z: 0}
--- !u!1 &7362057834073732805
GameObject:
  m_ObjectHideFlags: 0
  m_CorrespondingSourceObject: {fileID: 0}
  m_PrefabInstance: {fileID: 0}
  m_PrefabAsset: {fileID: 0}
  serializedVersion: 6
  m_Component:
  - component: {fileID: 5387527410526870624}
  m_Layer: 0
  m_Name: GroupScale
  m_TagString: Untagged
  m_Icon: {fileID: 0}
  m_NavMeshLayer: 0
  m_StaticEditorFlags: 0
  m_IsActive: 0
--- !u!4 &5387527410526870624
Transform:
  m_ObjectHideFlags: 0
  m_CorrespondingSourceObject: {fileID: 0}
  m_PrefabInstance: {fileID: 0}
  m_PrefabAsset: {fileID: 0}
  m_GameObject: {fileID: 7362057834073732805}
  m_LocalRotation: {x: 0, y: 0, z: 0, w: 1}
  m_LocalPosition: {x: 0, y: 0, z: 0}
  m_LocalScale: {x: 1, y: 25, z: 1}
  m_Children:
  - {fileID: 2825438362725628460}
  m_Father: {fileID: 8027559047471640448}
  m_RootOrder: 1
  m_LocalEulerAnglesHint: {x: 0, y: 0, z: 0}
--- !u!1 &8027559047471640449
GameObject:
  m_ObjectHideFlags: 0
  m_CorrespondingSourceObject: {fileID: 0}
  m_PrefabInstance: {fileID: 0}
  m_PrefabAsset: {fileID: 0}
  serializedVersion: 6
  m_Component:
  - component: {fileID: 8027559047471640448}
  - component: {fileID: 8891419231083281678}
  - component: {fileID: 1665652963528503477}
  m_Layer: 0
  m_Name: ObstacleGroup1
  m_TagString: ObstacleGroup
  m_Icon: {fileID: 2974397684917235467, guid: 0000000000000000d000000000000000, type: 0}
  m_NavMeshLayer: 0
  m_StaticEditorFlags: 0
  m_IsActive: 1
--- !u!4 &8027559047471640448
Transform:
  m_ObjectHideFlags: 0
  m_CorrespondingSourceObject: {fileID: 0}
  m_PrefabInstance: {fileID: 0}
  m_PrefabAsset: {fileID: 0}
  m_GameObject: {fileID: 8027559047471640449}
  m_LocalRotation: {x: 0, y: 0, z: 0, w: 1}
  m_LocalPosition: {x: 0, y: 0, z: 0}
  m_LocalScale: {x: 1, y: 1, z: 1}
  m_Children:
  - {fileID: 2162964634847832983}
  - {fileID: 5387527410526870624}
  - {fileID: 7901325913207703080}
  - {fileID: 2694646999431485497}
  - {fileID: 6893658059981736032}
  - {fileID: 2196544785812090222}
  - {fileID: 4353430123507752336}
  - {fileID: 2528783100742802120}
  - {fileID: 760698755882592923}
  - {fileID: 3612465625033358774}
  m_Father: {fileID: 0}
  m_RootOrder: 0
  m_LocalEulerAnglesHint: {x: 0, y: 0, z: 0}
--- !u!61 &8891419231083281678
BoxCollider2D:
  m_ObjectHideFlags: 0
  m_CorrespondingSourceObject: {fileID: 0}
  m_PrefabInstance: {fileID: 0}
  m_PrefabAsset: {fileID: 0}
  m_GameObject: {fileID: 8027559047471640449}
  m_Enabled: 1
  m_Density: 1
  m_Material: {fileID: 0}
  m_IsTrigger: 1
  m_UsedByEffector: 0
  m_UsedByComposite: 0
  m_Offset: {x: 0, y: 25}
  m_SpriteTilingProperty:
    border: {x: 0, y: 0, z: 0, w: 0}
    pivot: {x: 0, y: 0}
    oldSize: {x: 0, y: 0}
    newSize: {x: 0, y: 0}
    adaptiveTilingThreshold: 0
    drawMode: 0
    adaptiveTiling: 0
  m_AutoTiling: 0
  serializedVersion: 2
  m_Size: {x: 10, y: 1}
  m_EdgeRadius: 0
--- !u!114 &1665652963528503477
MonoBehaviour:
  m_ObjectHideFlags: 0
  m_CorrespondingSourceObject: {fileID: 0}
  m_PrefabInstance: {fileID: 0}
  m_PrefabAsset: {fileID: 0}
  m_GameObject: {fileID: 8027559047471640449}
  m_Enabled: 1
  m_EditorHideFlags: 0
  m_Script: {fileID: 11500000, guid: 2e61a56e5f4b17f4985495ecc35e1676, type: 3}
  m_Name: 
  m_EditorClassIdentifier: 
  speed: 2.5
  levelObjects:
  - {fileID: 8877892459255317816}
  - {fileID: 1369294406975114636}
  - {fileID: 4623616632600080495}
  - {fileID: 106411098904024770}
  - {fileID: 2528783100742802123}
  - {fileID: 3215942817630294599}
  - {fileID: 1445048345902450026}
  groupOrigin: {fileID: 2162964634847832983}
  groupBoundary: {fileID: 7901325913207703080}
--- !u!1001 &2780216388633634860
PrefabInstance:
  m_ObjectHideFlags: 0
  serializedVersion: 2
  m_Modification:
    m_TransformParent: {fileID: 8027559047471640448}
    m_Modifications:
    - target: {fileID: 283761102156050453, guid: e8471841633ac464586b77ed39cc5a7c,
        type: 3}
      propertyPath: m_RootOrder
      value: 3
      objectReference: {fileID: 0}
    - target: {fileID: 283761102156050453, guid: e8471841633ac464586b77ed39cc5a7c,
        type: 3}
      propertyPath: m_LocalPosition.x
      value: -2.38
      objectReference: {fileID: 0}
    - target: {fileID: 283761102156050453, guid: e8471841633ac464586b77ed39cc5a7c,
        type: 3}
      propertyPath: m_LocalPosition.y
      value: 0
      objectReference: {fileID: 0}
    - target: {fileID: 283761102156050453, guid: e8471841633ac464586b77ed39cc5a7c,
        type: 3}
      propertyPath: m_LocalPosition.z
      value: 0
      objectReference: {fileID: 0}
    - target: {fileID: 283761102156050453, guid: e8471841633ac464586b77ed39cc5a7c,
        type: 3}
      propertyPath: m_LocalRotation.w
      value: 1
      objectReference: {fileID: 0}
    - target: {fileID: 283761102156050453, guid: e8471841633ac464586b77ed39cc5a7c,
        type: 3}
      propertyPath: m_LocalRotation.x
      value: 0
      objectReference: {fileID: 0}
    - target: {fileID: 283761102156050453, guid: e8471841633ac464586b77ed39cc5a7c,
        type: 3}
      propertyPath: m_LocalRotation.y
      value: 0
      objectReference: {fileID: 0}
    - target: {fileID: 283761102156050453, guid: e8471841633ac464586b77ed39cc5a7c,
        type: 3}
      propertyPath: m_LocalRotation.z
      value: 0
      objectReference: {fileID: 0}
    - target: {fileID: 283761102156050453, guid: e8471841633ac464586b77ed39cc5a7c,
        type: 3}
      propertyPath: m_LocalEulerAnglesHint.x
      value: 0
      objectReference: {fileID: 0}
    - target: {fileID: 283761102156050453, guid: e8471841633ac464586b77ed39cc5a7c,
        type: 3}
      propertyPath: m_LocalEulerAnglesHint.y
      value: 0
      objectReference: {fileID: 0}
    - target: {fileID: 283761102156050453, guid: e8471841633ac464586b77ed39cc5a7c,
        type: 3}
      propertyPath: m_LocalEulerAnglesHint.z
      value: 0
      objectReference: {fileID: 0}
    - target: {fileID: 6746898244098485524, guid: e8471841633ac464586b77ed39cc5a7c,
        type: 3}
      propertyPath: m_Name
      value: Rock1 (1)
      objectReference: {fileID: 0}
    m_RemovedComponents:
    - {fileID: 8597454617540657573, guid: e8471841633ac464586b77ed39cc5a7c, type: 3}
  m_SourcePrefab: {fileID: 100100000, guid: e8471841633ac464586b77ed39cc5a7c, type: 3}
--- !u!1 &8877892459255317816 stripped
GameObject:
  m_CorrespondingSourceObject: {fileID: 6746898244098485524, guid: e8471841633ac464586b77ed39cc5a7c,
    type: 3}
  m_PrefabInstance: {fileID: 2780216388633634860}
  m_PrefabAsset: {fileID: 0}
--- !u!4 &2694646999431485497 stripped
Transform:
  m_CorrespondingSourceObject: {fileID: 283761102156050453, guid: e8471841633ac464586b77ed39cc5a7c,
    type: 3}
  m_PrefabInstance: {fileID: 2780216388633634860}
  m_PrefabAsset: {fileID: 0}
--- !u!1001 &2784161071078721706
PrefabInstance:
  m_ObjectHideFlags: 0
  serializedVersion: 2
  m_Modification:
    m_TransformParent: {fileID: 8027559047471640448}
    m_Modifications:
    - target: {fileID: 413022107850986081, guid: 724402565928fcc4d905797499ea5581,
        type: 3}
      propertyPath: m_Name
      value: BarrelCollection3 (1)
      objectReference: {fileID: 0}
    - target: {fileID: 413022107850986082, guid: 724402565928fcc4d905797499ea5581,
        type: 3}
      propertyPath: m_RootOrder
      value: 7
      objectReference: {fileID: 0}
    - target: {fileID: 413022107850986082, guid: 724402565928fcc4d905797499ea5581,
        type: 3}
      propertyPath: m_LocalPosition.x
      value: 2.85
      objectReference: {fileID: 0}
    - target: {fileID: 413022107850986082, guid: 724402565928fcc4d905797499ea5581,
        type: 3}
      propertyPath: m_LocalPosition.y
      value: 12.5
      objectReference: {fileID: 0}
    - target: {fileID: 413022107850986082, guid: 724402565928fcc4d905797499ea5581,
        type: 3}
      propertyPath: m_LocalPosition.z
      value: 0
      objectReference: {fileID: 0}
    - target: {fileID: 413022107850986082, guid: 724402565928fcc4d905797499ea5581,
        type: 3}
      propertyPath: m_LocalRotation.w
      value: 1
      objectReference: {fileID: 0}
    - target: {fileID: 413022107850986082, guid: 724402565928fcc4d905797499ea5581,
        type: 3}
      propertyPath: m_LocalRotation.x
      value: 0
      objectReference: {fileID: 0}
    - target: {fileID: 413022107850986082, guid: 724402565928fcc4d905797499ea5581,
        type: 3}
      propertyPath: m_LocalRotation.y
      value: 0
      objectReference: {fileID: 0}
    - target: {fileID: 413022107850986082, guid: 724402565928fcc4d905797499ea5581,
        type: 3}
      propertyPath: m_LocalRotation.z
      value: 0
      objectReference: {fileID: 0}
    - target: {fileID: 413022107850986082, guid: 724402565928fcc4d905797499ea5581,
        type: 3}
      propertyPath: m_LocalEulerAnglesHint.x
      value: 0
      objectReference: {fileID: 0}
    - target: {fileID: 413022107850986082, guid: 724402565928fcc4d905797499ea5581,
        type: 3}
      propertyPath: m_LocalEulerAnglesHint.y
      value: 0
      objectReference: {fileID: 0}
    - target: {fileID: 413022107850986082, guid: 724402565928fcc4d905797499ea5581,
        type: 3}
      propertyPath: m_LocalEulerAnglesHint.z
      value: 0
      objectReference: {fileID: 0}
    m_RemovedComponents:
    - {fileID: 5713387293867162995, guid: 724402565928fcc4d905797499ea5581, type: 3}
  m_SourcePrefab: {fileID: 100100000, guid: 724402565928fcc4d905797499ea5581, type: 3}
--- !u!4 &2528783100742802120 stripped
Transform:
  m_CorrespondingSourceObject: {fileID: 413022107850986082, guid: 724402565928fcc4d905797499ea5581,
    type: 3}
  m_PrefabInstance: {fileID: 2784161071078721706}
  m_PrefabAsset: {fileID: 0}
--- !u!1 &2528783100742802123 stripped
GameObject:
  m_CorrespondingSourceObject: {fileID: 413022107850986081, guid: 724402565928fcc4d905797499ea5581,
    type: 3}
  m_PrefabInstance: {fileID: 2784161071078721706}
  m_PrefabAsset: {fileID: 0}
--- !u!1001 &4449802182332010132
PrefabInstance:
  m_ObjectHideFlags: 0
  serializedVersion: 2
  m_Modification:
    m_TransformParent: {fileID: 8027559047471640448}
    m_Modifications:
    - target: {fileID: 2574772946765128698, guid: af9f3476ba471314299216ece7a14959,
        type: 3}
      propertyPath: m_RootOrder
      value: 5
      objectReference: {fileID: 0}
    - target: {fileID: 2574772946765128698, guid: af9f3476ba471314299216ece7a14959,
        type: 3}
      propertyPath: m_LocalPosition.x
      value: -2.9
      objectReference: {fileID: 0}
    - target: {fileID: 2574772946765128698, guid: af9f3476ba471314299216ece7a14959,
        type: 3}
      propertyPath: m_LocalPosition.y
      value: 7.76
      objectReference: {fileID: 0}
    - target: {fileID: 2574772946765128698, guid: af9f3476ba471314299216ece7a14959,
        type: 3}
      propertyPath: m_LocalPosition.z
      value: 0
      objectReference: {fileID: 0}
    - target: {fileID: 2574772946765128698, guid: af9f3476ba471314299216ece7a14959,
        type: 3}
      propertyPath: m_LocalRotation.w
      value: 1
      objectReference: {fileID: 0}
    - target: {fileID: 2574772946765128698, guid: af9f3476ba471314299216ece7a14959,
        type: 3}
      propertyPath: m_LocalRotation.x
      value: -0
      objectReference: {fileID: 0}
    - target: {fileID: 2574772946765128698, guid: af9f3476ba471314299216ece7a14959,
        type: 3}
      propertyPath: m_LocalRotation.y
      value: -0
      objectReference: {fileID: 0}
    - target: {fileID: 2574772946765128698, guid: af9f3476ba471314299216ece7a14959,
        type: 3}
      propertyPath: m_LocalRotation.z
      value: -0
      objectReference: {fileID: 0}
    - target: {fileID: 2574772946765128698, guid: af9f3476ba471314299216ece7a14959,
        type: 3}
      propertyPath: m_LocalEulerAnglesHint.x
      value: 0
      objectReference: {fileID: 0}
    - target: {fileID: 2574772946765128698, guid: af9f3476ba471314299216ece7a14959,
        type: 3}
      propertyPath: m_LocalEulerAnglesHint.y
      value: 0
      objectReference: {fileID: 0}
    - target: {fileID: 2574772946765128698, guid: af9f3476ba471314299216ece7a14959,
        type: 3}
      propertyPath: m_LocalEulerAnglesHint.z
      value: 0
      objectReference: {fileID: 0}
    - target: {fileID: 9073272579260645115, guid: af9f3476ba471314299216ece7a14959,
        type: 3}
      propertyPath: m_Name
      value: Rock3 (1)
      objectReference: {fileID: 0}
    m_RemovedComponents:
    - {fileID: 538078252768887181, guid: af9f3476ba471314299216ece7a14959, type: 3}
  m_SourcePrefab: {fileID: 100100000, guid: af9f3476ba471314299216ece7a14959, type: 3}
--- !u!4 &2196544785812090222 stripped
Transform:
  m_CorrespondingSourceObject: {fileID: 2574772946765128698, guid: af9f3476ba471314299216ece7a14959,
    type: 3}
  m_PrefabInstance: {fileID: 4449802182332010132}
  m_PrefabAsset: {fileID: 0}
--- !u!1 &4623616632600080495 stripped
GameObject:
  m_CorrespondingSourceObject: {fileID: 9073272579260645115, guid: af9f3476ba471314299216ece7a14959,
    type: 3}
  m_PrefabInstance: {fileID: 4449802182332010132}
  m_PrefabAsset: {fileID: 0}
--- !u!1001 &6373481098861617390
PrefabInstance:
  m_ObjectHideFlags: 0
  serializedVersion: 2
  m_Modification:
    m_TransformParent: {fileID: 8027559047471640448}
    m_Modifications:
    - target: {fileID: 5980125229843122805, guid: f1fac02fa4e95764ea86594cce253eed,
        type: 3}
      propertyPath: m_RootOrder
      value: 8
      objectReference: {fileID: 0}
    - target: {fileID: 5980125229843122805, guid: f1fac02fa4e95764ea86594cce253eed,
        type: 3}
      propertyPath: m_LocalPosition.x
      value: -1.83
      objectReference: {fileID: 0}
    - target: {fileID: 5980125229843122805, guid: f1fac02fa4e95764ea86594cce253eed,
        type: 3}
      propertyPath: m_LocalPosition.y
      value: 17.49
      objectReference: {fileID: 0}
    - target: {fileID: 5980125229843122805, guid: f1fac02fa4e95764ea86594cce253eed,
        type: 3}
      propertyPath: m_LocalPosition.z
      value: 0
      objectReference: {fileID: 0}
    - target: {fileID: 5980125229843122805, guid: f1fac02fa4e95764ea86594cce253eed,
        type: 3}
      propertyPath: m_LocalRotation.w
      value: 0
      objectReference: {fileID: 0}
    - target: {fileID: 5980125229843122805, guid: f1fac02fa4e95764ea86594cce253eed,
        type: 3}
      propertyPath: m_LocalRotation.x
      value: -0
      objectReference: {fileID: 0}
    - target: {fileID: 5980125229843122805, guid: f1fac02fa4e95764ea86594cce253eed,
        type: 3}
      propertyPath: m_LocalRotation.y
      value: 1
      objectReference: {fileID: 0}
    - target: {fileID: 5980125229843122805, guid: f1fac02fa4e95764ea86594cce253eed,
        type: 3}
      propertyPath: m_LocalRotation.z
      value: -0
      objectReference: {fileID: 0}
    - target: {fileID: 5980125229843122805, guid: f1fac02fa4e95764ea86594cce253eed,
        type: 3}
      propertyPath: m_LocalEulerAnglesHint.x
      value: 0
      objectReference: {fileID: 0}
    - target: {fileID: 5980125229843122805, guid: f1fac02fa4e95764ea86594cce253eed,
        type: 3}
      propertyPath: m_LocalEulerAnglesHint.y
      value: 180
      objectReference: {fileID: 0}
    - target: {fileID: 5980125229843122805, guid: f1fac02fa4e95764ea86594cce253eed,
        type: 3}
      propertyPath: m_LocalEulerAnglesHint.z
      value: 0
      objectReference: {fileID: 0}
    - target: {fileID: 8417920115609350825, guid: f1fac02fa4e95764ea86594cce253eed,
        type: 3}
      propertyPath: m_Name
      value: Island2 (2)
      objectReference: {fileID: 0}
    m_RemovedComponents:
    - {fileID: -1559516812737989145, guid: f1fac02fa4e95764ea86594cce253eed, type: 3}
  m_SourcePrefab: {fileID: 100100000, guid: f1fac02fa4e95764ea86594cce253eed, type: 3}
--- !u!1 &3215942817630294599 stripped
GameObject:
  m_CorrespondingSourceObject: {fileID: 8417920115609350825, guid: f1fac02fa4e95764ea86594cce253eed,
    type: 3}
  m_PrefabInstance: {fileID: 6373481098861617390}
  m_PrefabAsset: {fileID: 0}
--- !u!4 &760698755882592923 stripped
Transform:
  m_CorrespondingSourceObject: {fileID: 5980125229843122805, guid: f1fac02fa4e95764ea86594cce253eed,
    type: 3}
  m_PrefabInstance: {fileID: 6373481098861617390}
  m_PrefabAsset: {fileID: 0}
--- !u!1001 &6876470778718938525
PrefabInstance:
  m_ObjectHideFlags: 0
  serializedVersion: 2
  m_Modification:
    m_TransformParent: {fileID: 8027559047471640448}
    m_Modifications:
    - target: {fileID: 55469014173691389, guid: 34b4b1542575b38408fdace7092a30db,
        type: 3}
      propertyPath: m_RootOrder
      value: 4
      objectReference: {fileID: 0}
    - target: {fileID: 55469014173691389, guid: 34b4b1542575b38408fdace7092a30db,
        type: 3}
      propertyPath: m_LocalPosition.x
      value: 2.18
      objectReference: {fileID: 0}
    - target: {fileID: 55469014173691389, guid: 34b4b1542575b38408fdace7092a30db,
        type: 3}
      propertyPath: m_LocalPosition.y
      value: 4.19
      objectReference: {fileID: 0}
    - target: {fileID: 55469014173691389, guid: 34b4b1542575b38408fdace7092a30db,
        type: 3}
      propertyPath: m_LocalPosition.z
      value: 0
      objectReference: {fileID: 0}
    - target: {fileID: 55469014173691389, guid: 34b4b1542575b38408fdace7092a30db,
        type: 3}
      propertyPath: m_LocalRotation.w
      value: 1
      objectReference: {fileID: 0}
    - target: {fileID: 55469014173691389, guid: 34b4b1542575b38408fdace7092a30db,
        type: 3}
      propertyPath: m_LocalRotation.x
      value: 0
      objectReference: {fileID: 0}
    - target: {fileID: 55469014173691389, guid: 34b4b1542575b38408fdace7092a30db,
        type: 3}
      propertyPath: m_LocalRotation.y
      value: 0
      objectReference: {fileID: 0}
    - target: {fileID: 55469014173691389, guid: 34b4b1542575b38408fdace7092a30db,
        type: 3}
      propertyPath: m_LocalRotation.z
      value: 0
      objectReference: {fileID: 0}
    - target: {fileID: 55469014173691389, guid: 34b4b1542575b38408fdace7092a30db,
        type: 3}
      propertyPath: m_LocalEulerAnglesHint.x
      value: 0
      objectReference: {fileID: 0}
    - target: {fileID: 55469014173691389, guid: 34b4b1542575b38408fdace7092a30db,
        type: 3}
      propertyPath: m_LocalEulerAnglesHint.y
      value: 0
      objectReference: {fileID: 0}
    - target: {fileID: 55469014173691389, guid: 34b4b1542575b38408fdace7092a30db,
        type: 3}
      propertyPath: m_LocalEulerAnglesHint.z
      value: 0
      objectReference: {fileID: 0}
    - target: {fileID: 5507506242413340689, guid: 34b4b1542575b38408fdace7092a30db,
        type: 3}
      propertyPath: m_Name
      value: Log (1)
      objectReference: {fileID: 0}
    m_RemovedComponents:
    - {fileID: -8943381975460320523, guid: 34b4b1542575b38408fdace7092a30db, type: 3}
  m_SourcePrefab: {fileID: 100100000, guid: 34b4b1542575b38408fdace7092a30db, type: 3}
--- !u!1 &1369294406975114636 stripped
GameObject:
  m_CorrespondingSourceObject: {fileID: 5507506242413340689, guid: 34b4b1542575b38408fdace7092a30db,
    type: 3}
  m_PrefabInstance: {fileID: 6876470778718938525}
  m_PrefabAsset: {fileID: 0}
--- !u!4 &6893658059981736032 stripped
Transform:
  m_CorrespondingSourceObject: {fileID: 55469014173691389, guid: 34b4b1542575b38408fdace7092a30db,
    type: 3}
  m_PrefabInstance: {fileID: 6876470778718938525}
  m_PrefabAsset: {fileID: 0}
--- !u!1001 &6877944018646508234
PrefabInstance:
  m_ObjectHideFlags: 0
  serializedVersion: 2
  m_Modification:
    m_TransformParent: {fileID: 8027559047471640448}
    m_Modifications:
    - target: {fileID: 5439937633360455584, guid: 446a0f19c9ce2a147a5903ee45d02a80,
        type: 3}
      propertyPath: m_Name
      value: Island3 (1)
      objectReference: {fileID: 0}
    - target: {fileID: 7877169566237761404, guid: 446a0f19c9ce2a147a5903ee45d02a80,
        type: 3}
      propertyPath: m_RootOrder
      value: 9
      objectReference: {fileID: 0}
    - target: {fileID: 7877169566237761404, guid: 446a0f19c9ce2a147a5903ee45d02a80,
        type: 3}
      propertyPath: m_LocalPosition.x
      value: 3.9116485
      objectReference: {fileID: 0}
    - target: {fileID: 7877169566237761404, guid: 446a0f19c9ce2a147a5903ee45d02a80,
        type: 3}
      propertyPath: m_LocalPosition.y
      value: 23.64
      objectReference: {fileID: 0}
    - target: {fileID: 7877169566237761404, guid: 446a0f19c9ce2a147a5903ee45d02a80,
        type: 3}
      propertyPath: m_LocalPosition.z
      value: 0
      objectReference: {fileID: 0}
    - target: {fileID: 7877169566237761404, guid: 446a0f19c9ce2a147a5903ee45d02a80,
        type: 3}
      propertyPath: m_LocalRotation.w
      value: 1
      objectReference: {fileID: 0}
    - target: {fileID: 7877169566237761404, guid: 446a0f19c9ce2a147a5903ee45d02a80,
        type: 3}
      propertyPath: m_LocalRotation.x
      value: -0
      objectReference: {fileID: 0}
    - target: {fileID: 7877169566237761404, guid: 446a0f19c9ce2a147a5903ee45d02a80,
        type: 3}
      propertyPath: m_LocalRotation.y
      value: -0
      objectReference: {fileID: 0}
    - target: {fileID: 7877169566237761404, guid: 446a0f19c9ce2a147a5903ee45d02a80,
        type: 3}
      propertyPath: m_LocalRotation.z
      value: -0
      objectReference: {fileID: 0}
    - target: {fileID: 7877169566237761404, guid: 446a0f19c9ce2a147a5903ee45d02a80,
        type: 3}
      propertyPath: m_LocalEulerAnglesHint.x
      value: 0
      objectReference: {fileID: 0}
    - target: {fileID: 7877169566237761404, guid: 446a0f19c9ce2a147a5903ee45d02a80,
        type: 3}
      propertyPath: m_LocalEulerAnglesHint.y
      value: 0
      objectReference: {fileID: 0}
    - target: {fileID: 7877169566237761404, guid: 446a0f19c9ce2a147a5903ee45d02a80,
        type: 3}
      propertyPath: m_LocalEulerAnglesHint.z
      value: 0
      objectReference: {fileID: 0}
    m_RemovedComponents:
    - {fileID: -9132123603420047621, guid: 446a0f19c9ce2a147a5903ee45d02a80, type: 3}
  m_SourcePrefab: {fileID: 100100000, guid: 446a0f19c9ce2a147a5903ee45d02a80, type: 3}
--- !u!1 &1445048345902450026 stripped
GameObject:
  m_CorrespondingSourceObject: {fileID: 5439937633360455584, guid: 446a0f19c9ce2a147a5903ee45d02a80,
    type: 3}
  m_PrefabInstance: {fileID: 6877944018646508234}
  m_PrefabAsset: {fileID: 0}
--- !u!4 &3612465625033358774 stripped
Transform:
  m_CorrespondingSourceObject: {fileID: 7877169566237761404, guid: 446a0f19c9ce2a147a5903ee45d02a80,
    type: 3}
  m_PrefabInstance: {fileID: 6877944018646508234}
  m_PrefabAsset: {fileID: 0}
--- !u!1001 &8352351245303098414
PrefabInstance:
  m_ObjectHideFlags: 0
  serializedVersion: 2
  m_Modification:
    m_TransformParent: {fileID: 8027559047471640448}
    m_Modifications:
    - target: {fileID: 5729703069898191294, guid: 2008c4c1416a5f6429bed6d0df43e7c5,
        type: 3}
      propertyPath: m_RootOrder
      value: 6
      objectReference: {fileID: 0}
    - target: {fileID: 5729703069898191294, guid: 2008c4c1416a5f6429bed6d0df43e7c5,
        type: 3}
      propertyPath: m_LocalPosition.x
      value: 0.46
      objectReference: {fileID: 0}
    - target: {fileID: 5729703069898191294, guid: 2008c4c1416a5f6429bed6d0df43e7c5,
        type: 3}
      propertyPath: m_LocalPosition.y
      value: 9.47
      objectReference: {fileID: 0}
    - target: {fileID: 5729703069898191294, guid: 2008c4c1416a5f6429bed6d0df43e7c5,
        type: 3}
      propertyPath: m_LocalPosition.z
      value: 0
      objectReference: {fileID: 0}
    - target: {fileID: 5729703069898191294, guid: 2008c4c1416a5f6429bed6d0df43e7c5,
        type: 3}
      propertyPath: m_LocalRotation.w
      value: 1
      objectReference: {fileID: 0}
    - target: {fileID: 5729703069898191294, guid: 2008c4c1416a5f6429bed6d0df43e7c5,
        type: 3}
      propertyPath: m_LocalRotation.x
      value: 0
      objectReference: {fileID: 0}
    - target: {fileID: 5729703069898191294, guid: 2008c4c1416a5f6429bed6d0df43e7c5,
        type: 3}
      propertyPath: m_LocalRotation.y
      value: 0
      objectReference: {fileID: 0}
    - target: {fileID: 5729703069898191294, guid: 2008c4c1416a5f6429bed6d0df43e7c5,
        type: 3}
      propertyPath: m_LocalRotation.z
      value: 0
      objectReference: {fileID: 0}
    - target: {fileID: 5729703069898191294, guid: 2008c4c1416a5f6429bed6d0df43e7c5,
        type: 3}
      propertyPath: m_LocalEulerAnglesHint.x
      value: 0
      objectReference: {fileID: 0}
    - target: {fileID: 5729703069898191294, guid: 2008c4c1416a5f6429bed6d0df43e7c5,
        type: 3}
      propertyPath: m_LocalEulerAnglesHint.y
      value: 0
      objectReference: {fileID: 0}
    - target: {fileID: 5729703069898191294, guid: 2008c4c1416a5f6429bed6d0df43e7c5,
        type: 3}
      propertyPath: m_LocalEulerAnglesHint.z
      value: 0
      objectReference: {fileID: 0}
    - target: {fileID: 8256100187898936044, guid: 2008c4c1416a5f6429bed6d0df43e7c5,
        type: 3}
      propertyPath: m_Name
      value: Chest
      objectReference: {fileID: 0}
    m_RemovedComponents:
    - {fileID: -9203521396136529783, guid: 2008c4c1416a5f6429bed6d0df43e7c5, type: 3}
  m_SourcePrefab: {fileID: 100100000, guid: 2008c4c1416a5f6429bed6d0df43e7c5, type: 3}
--- !u!1 &106411098904024770 stripped
GameObject:
  m_CorrespondingSourceObject: {fileID: 8256100187898936044, guid: 2008c4c1416a5f6429bed6d0df43e7c5,
    type: 3}
  m_PrefabInstance: {fileID: 8352351245303098414}
  m_PrefabAsset: {fileID: 0}
--- !u!4 &4353430123507752336 stripped
Transform:
  m_CorrespondingSourceObject: {fileID: 5729703069898191294, guid: 2008c4c1416a5f6429bed6d0df43e7c5,
    type: 3}
  m_PrefabInstance: {fileID: 8352351245303098414}
  m_PrefabAsset: {fileID: 0}
